timestamp,symbol,side,size,price,tickDirection,trdMatchID,grossValue,homeNotional,foreignNotional,trdType
2024-11-06D00:00:05.367909144,ETHUSD,Buy,3,2423.63,PlusTick,00000000-006d-1000-0000-000d7e3ea4be,727089,0.2080444,504.2226,Regular
2024-11-06D00:00:17.958375199,ETHUSD,Buy,9,2423.32,MinusTick,00000000-006d-1000-0000-000d7e3f3329,2180988,0.6241331,1512.474,Regular
2024-11-06D00:00:17.959349589,ETHUSD,Buy,8,2423.32,ZeroMinusTick,00000000-006d-1000-0000-000d7e3f333a,1938656,0.554785,1344.422,Regular
2024-11-06D00:00:27.416737808,ETHUSD,Sell,12,2422.69,MinusTick,00000000-006d-1000-0000-000d7e3f9ffe,2907228,0.8321775,2016.108,Regular
2024-11-06D00:00:27.703725067,ETHUSD,Sell,7,2422.94,PlusTick,00000000-006d-1000-0000-000d7e3fa47f,1696058,0.4854369,1176.184,Regular
2024-11-06D00:00:28.408233538,ETHUSD,Sell,3,2422.97,PlusTick,00000000-006d-1000-0000-000d7e3fae2f,726891,0.2080444,504.0853,Regular
2024-11-06D00:00:28.408233538,ETHUSD,Sell,2,2422.96,MinusTick,00000000-006d-1000-0000-000d7e3fae32,484592,0.1386963,336.0555,Regular
2024-11-06D00:00:28.665419980,ETHUSD,Sell,7,2422.96,ZeroMinusTick,00000000-006d-1000-0000-000d7e3fafbc,1696072,0.4854369,1176.194,Regular
2024-11-06D00:00:30.173490405,ETHUSD,Sell,3,2422.97,PlusTick,00000000-006d-1000-0000-000d7e3fb9a2,726891,0.2080444,504.0853,Regular
2024-11-06D00:00:30.173490405,ETHUSD,Sell,2,2422.93,MinusTick,00000000-006d-1000-0000-000d7e3fb9a5,484586,0.1386963,336.0513,Regular
2024-11-06D00:00:32.451176922,ETHUSD,Buy,5,2422.9,MinusTick,00000000-006d-1000-0000-000d7e3fce9d,1211450,0.3467406,840.1179,Regular
2024-11-06D00:00:48.506720330,ETHUSD,Buy,1,2424.26,PlusTick,00000000-006d-1000-0000-000d7e406520,242426,0.06934813,168.1179,Regular
2024-11-06D00:00:48.506720330,ETHUSD,Buy,3,2424.27,PlusTick,00000000-006d-1000-0000-000d7e406523,727281,0.2080444,504.3558,Regular
2024-11-06D00:00:48.507718074,ETHUSD,Buy,11,2424.27,ZeroPlusTick,00000000-006d-1000-0000-000d7e406540,2666697,0.7628294,1849.304,Regular
2024-11-06D00:00:59.908659862,ETHUSD,Buy,14,2425.45,PlusTick,00000000-006d-1000-0000-000d7e40da0c,3395630,0.9708738,2354.806,Regular
2024-11-06D00:01:15.851663756,ETHUSD,Sell,14,2424.15,MinusTick,00000000-006d-1000-0000-000d7e419507,3393810,0.9715475,2355.177,Regular
2024-11-06D00:01:23.589844232,ETHUSD,Sell,3,2422.51,MinusTick,00000000-006d-1000-0000-000d7e41fe16,726753,0.2081888,504.3393,Regular
2024-11-06D00:01:23.863291582,ETHUSD,Sell,14,2422.23,MinusTick,00000000-006d-1000-0000-000d7e4208af,3391122,0.9715475,2353.312,Regular
2024-11-06D00:01:25.927786142,ETHUSD,Sell,3,2421.12,MinusTick,00000000-006d-1000-0000-000d7e423374,726336,0.2081888,504.05,Regular
2024-11-06D00:01:57.687904675,ETHUSD,Buy,6,2423.17,PlusTick,00000000-006d-1000-0000-000d7e438036,1453902,0.4166667,1009.654,Regular
2024-11-06D00:01:57.688715649,ETHUSD,Buy,8,2423.17,ZeroPlusTick,00000000-006d-1000-0000-000d7e438044,1938536,0.5555556,1346.206,Regular
2024-11-06D00:02:00.421148685,ETHUSD,Buy,2,2423.16,MinusTick,00000000-006d-1000-0000-000d7e439db5,484632,0.1388889,336.55,Regular
2024-11-06D00:03:17.234095903,ETHUSD,Buy,12,2425.1,PlusTick,00000000-006d-1000-0000-000d7e46b97f,2910120,0.8316008,2016.715,Regular
2024-11-06D00:03:17.942256084,ETHUSD,Buy,1,2425.1,ZeroPlusTick,00000000-006d-1000-0000-000d7e46c663,242510,0.06930007,168.0596,Regular
2024-11-06D00:03:18.009419138,ETHUSD,Buy,1,2425.1,ZeroPlusTick,00000000-006d-1000-0000-000d7e46c73e,242510,0.06930007,168.0596,Regular
2024-11-06D00:03:55.460408558,ETHUSD,Buy,14,2427.4,PlusTick,00000000-006d-1000-0000-000d7e4847f9,3398360,0.9715475,2358.334,Regular
2024-11-06D00:04:13.814928061,ETHUSD,Buy,10,2428.46,PlusTick,00000000-006d-1000-0000-000d7e49153a,2428460,0.6944444,1686.431,Regular
2024-11-06D00:04:17.341882044,ETHUSD,Buy,2,2428.98,PlusTick,00000000-006d-1000-0000-000d7e494591,485796,0.1388889,337.3583,Regular
2024-11-06D00:04:17.341882044,ETHUSD,Buy,8,2428.98,ZeroPlusTick,00000000-006d-1000-0000-000d7e494594,1943184,0.5555556,1349.433,Regular
2024-11-06D00:04:36.242626842,ETHUSD,Sell,3,2427.02,MinusTick,00000000-006d-1000-0000-000d7e4a07cf,728106,0.2086231,506.3324,Regular
2024-11-06D00:04:36.242626842,ETHUSD,Sell,26,2427,MinusTick,00000000-006d-1000-0000-000d7e4a07d2,6310200,1.808067,4388.178,Regular
2024-11-06D00:05:04.891092113,ETHUSD,Sell,3,2426.31,MinusTick,00000000-006d-1000-0000-000d7e4b2bcf,727893,0.2084781,505.8325,Regular
2024-11-06D00:05:15.721570834,ETHUSD,Sell,2,2426,MinusTick,00000000-006d-1000-0000-000d7e4b9f37,485200,0.1389854,337.1786,Regular
2024-11-06D00:05:15.721570834,ETHUSD,Sell,10,2425.92,MinusTick,00000000-006d-1000-0000-000d7e4b9f3a,2425920,0.694927,1685.837,Regular
2024-11-06D00:06:05.110815562,ETHUSD,Buy,1,2429.33,PlusTick,00000000-006d-1000-0000-000d7e4d9fbf,242933,0.06954103,168.9381,Regular
2024-11-06D00:06:05.111091354,ETHUSD,Buy,4,2429.33,ZeroPlusTick,00000000-006d-1000-0000-000d7e4d9fc8,971732,0.2781641,675.7524,Regular
2024-11-06D00:06:05.111447124,ETHUSD,Buy,3,2429.33,ZeroPlusTick,00000000-006d-1000-0000-000d7e4d9fd5,728799,0.2086231,506.8143,Regular
2024-11-06D00:06:05.112047247,ETHUSD,Buy,5,2429.33,ZeroPlusTick,00000000-006d-1000-0000-000d7e4d9feb,1214665,0.3477051,844.6905,Regular
2024-11-06D00:06:05.112248815,ETHUSD,Buy,1,2429.33,ZeroPlusTick,00000000-006d-1000-0000-000d7e4d9ff2,242933,0.06954103,168.9381,Regular
2024-11-06D00:07:05.948524313,ETHUSD,Sell,14,2427.84,MinusTick,00000000-006d-1000-0000-000d7e5002a2,3398976,0.9735744,2363.683,Regular
2024-11-06D00:07:06.145490932,ETHUSD,Sell,3,2427.7,MinusTick,00000000-006d-1000-0000-000d7e50097e,728310,0.2086231,506.4743,Regular
2024-11-06D00:07:25.919440949,ETHUSD,Sell,14,2425.63,MinusTick,00000000-006d-1000-0000-000d7e50ecb8,3395882,0.9735744,2361.531,Regular
2024-11-06D00:07:33.663232504,ETHUSD,Sell,26,2424.92,MinusTick,00000000-006d-1000-0000-000d7e51584c,6304792,1.80681,4381.37,Regular
2024-11-06D00:07:33.664364861,ETHUSD,Sell,26,2424.85,MinusTick,00000000-006d-1000-0000-000d7e51587f,6304610,1.80681,4381.244,Regular
2024-11-06D00:07:33.668699989,ETHUSD,Sell,26,2424.79,MinusTick,00000000-006d-1000-0000-000d7e5158ee,6304454,1.80681,4381.136,Regular
2024-11-06D00:08:12.026145873,ETHUSD,Buy,14,2426.71,PlusTick,00000000-006d-1000-0000-000d7e52ba54,3397394,0.9728978,2360.941,Regular
2024-11-06D00:08:50.290917945,ETHUSD,Sell,3,2425.94,MinusTick,00000000-006d-1000-0000-000d7e542962,727782,0.2084781,505.7554,Regular
2024-11-06D00:08:50.291730605,ETHUSD,Sell,11,2425.94,ZeroMinusTick,00000000-006d-1000-0000-000d7e54296a,2668534,0.7644197,1854.436,Regular
2024-11-06D00:09:08.732933619,ETHUSD,Sell,14,2423.73,MinusTick,00000000-006d-1000-0000-000d7e55074e,3393222,0.9722222,2356.404,Regular
2024-11-06D00:10:00.999445808,ETHUSD,Buy,14,2424.97,PlusTick,00000000-006d-1000-0000-000d7e570636,3394958,0.9722222,2357.61,Regular
2024-11-06D00:10:02.586387312,ETHUSD,Buy,3,2425.93,PlusTick,00000000-006d-1000-0000-000d7e571bb3,727779,0.2083333,505.4021,Regular
2024-11-06D00:10:21.834496398,ETHUSD,Buy,14,2426.72,PlusTick,00000000-006d-1000-0000-000d7e57e624,3397408,0.9722222,2359.311,Regular
2024-11-06D00:10:40.341440277,ETHUSD,Buy,14,2427.83,PlusTick,00000000-006d-1000-0000-000d7e588d61,3398962,0.9728978,2362.031,Regular
2024-11-06D00:12:39.838070163,ETHUSD,Buy,14,2429.72,PlusTick,00000000-006d-1000-0000-000d7e5d14d9,3401608,0.9735744,2365.513,Regular
2024-11-06D00:12:56.154632754,ETHUSD,Buy,6,2431.52,PlusTick,00000000-006d-1000-0000-000d7e5db5ca,1458912,0.4172462,1014.542,Regular
2024-11-06D00:12:56.154960389,ETHUSD,Buy,7,2431.52,ZeroPlusTick,00000000-006d-1000-0000-000d7e5db5d3,1702064,0.4867872,1183.633,Regular
2024-11-06D00:12:56.155290981,ETHUSD,Buy,1,2431.52,ZeroPlusTick,00000000-006d-1000-0000-000d7e5db5d9,243152,0.06954103,169.0904,Regular
2024-11-06D00:12:56.155290981,ETHUSD,Buy,1,2431.63,PlusTick,00000000-006d-1000-0000-000d7e5db5dc,243163,0.06954103,169.0981,Regular
2024-11-06D00:12:56.155808274,ETHUSD,Buy,6,2431.63,ZeroPlusTick,00000000-006d-1000-0000-000d7e5db5e3,1458978,0.4172462,1014.588,Regular
2024-11-06D00:12:56.155917941,ETHUSD,Buy,6,2431.63,ZeroPlusTick,00000000-006d-1000-0000-000d7e5db5e7,1458978,0.4172462,1014.588,Regular
2024-11-06D00:12:56.157012583,ETHUSD,Buy,6,2431.63,ZeroPlusTick,00000000-006d-1000-0000-000d7e5db600,1458978,0.4172462,1014.588,Regular
2024-11-06D00:12:56.157167321,ETHUSD,Buy,7,2431.63,ZeroPlusTick,00000000-006d-1000-0000-000d7e5db606,1702141,0.4867872,1183.686,Regular
2024-11-06D00:12:56.178233826,ETHUSD,Buy,1,2432.14,PlusTick,00000000-006d-1000-0000-000d7e5db780,243214,0.06954103,169.1335,Regular
2024-11-06D00:12:56.462315124,ETHUSD,Buy,1,2432.92,PlusTick,00000000-006d-1000-0000-000d7e5dc39c,243292,0.06954103,169.1878,Regular
2024-11-06D00:12:56.462677028,ETHUSD,Buy,13,2432.99,PlusTick,00000000-006d-1000-0000-000d7e5dc3b0,3162887,0.9040334,2199.504,Regular
2024-11-06D00:12:56.462805268,ETHUSD,Buy,12,2432.99,ZeroPlusTick,00000000-006d-1000-0000-000d7e5dc3b6,2919588,0.8344924,2030.312,Regular
2024-11-06D00:12:56.466811498,ETHUSD,Buy,1,2432.99,ZeroPlusTick,00000000-006d-1000-0000-000d7e5dc3da,243299,0.06954103,169.1926,Regular
2024-11-06D00:12:56.472068481,ETHUSD,Buy,1,2433.14,PlusTick,00000000-006d-1000-0000-000d7e5dc442,243314,0.06954103,169.2031,Regular
2024-11-06D00:12:57.970018278,ETHUSD,Buy,3,2433.68,PlusTick,00000000-006d-1000-0000-000d7e5de887,730104,0.2086231,507.7218,Regular
2024-11-06D00:12:57.970200803,ETHUSD,Buy,11,2433.68,ZeroPlusTick,00000000-006d-1000-0000-000d7e5de88d,2677048,0.7649513,1861.647,Regular
2024-11-06D00:13:10.215579140,ETHUSD,Sell,14,2432.63,MinusTick,00000000-006d-1000-0000-000d7e5e872b,3405682,0.9749304,2371.645,Regular
2024-11-06D00:13:18.941209710,ETHUSD,Sell,14,2432.33,MinusTick,00000000-006d-1000-0000-000d7e5ee612,3405262,0.9749304,2371.352,Regular
2024-11-06D00:13:42.650289842,ETHUSD,Buy,14,2433.67,PlusTick,00000000-006d-1000-0000-000d7e5fe11b,3407138,0.9756098,2374.312,Regular
2024-11-06D00:13:43.265381489,ETHUSD,Sell,3,2433.21,MinusTick,00000000-006d-1000-0000-000d7e5ff025,729963,0.2090592,508.685,Regular
2024-11-06D00:13:45.875368682,ETHUSD,Buy,6,2433.63,PlusTick,00000000-006d-1000-0000-000d7e600e0a,1460178,0.4181185,1017.546,Regular
2024-11-06D00:13:45.876529367,ETHUSD,Buy,12,2433.63,ZeroPlusTick,00000000-006d-1000-0000-000d7e600e1d,2920356,0.8362369,2035.091,Regular
2024-11-06D00:13:45.876783187,ETHUSD,Buy,8,2433.63,ZeroPlusTick,00000000-006d-1000-0000-000d7e600e26,1946904,0.5574913,1356.728,Regular
2024-11-06D00:13:45.877869918,ETHUSD,Buy,7,2433.64,PlusTick,00000000-006d-1000-0000-000d7e600e52,1703548,0.4878049,1187.141,Regular
2024-11-06D00:13:45.878504593,ETHUSD,Buy,1,2433.64,ZeroPlusTick,00000000-006d-1000-0000-000d7e600e61,243364,0.06968641,169.5916,Regular
2024-11-06D00:13:45.878504593,ETHUSD,Buy,6,2433.73,PlusTick,00000000-006d-1000-0000-000d7e600e64,1460238,0.4181185,1017.587,Regular
2024-11-06D00:13:45.878862978,ETHUSD,Buy,8,2433.73,ZeroPlusTick,00000000-006d-1000-0000-000d7e600e70,1946984,0.5574913,1356.783,Regular
2024-11-06D00:13:45.879667762,ETHUSD,Buy,6,2433.73,ZeroPlusTick,00000000-006d-1000-0000-000d7e600e83,1460238,0.4181185,1017.587,Regular
2024-11-06D00:13:45.879910344,ETHUSD,Buy,6,2433.73,ZeroPlusTick,00000000-006d-1000-0000-000d7e600e8c,1460238,0.4181185,1017.587,Regular
2024-11-06D00:13:45.888034955,ETHUSD,Buy,26,2434.37,PlusTick,00000000-006d-1000-0000-000d7e600f69,6329362,1.811847,4410.705,Regular
2024-11-06D00:13:45.900656452,ETHUSD,Buy,52,2434.55,PlusTick,00000000-006d-1000-0000-000d7e601094,12659660,3.623693,8822.063,Regular
2024-11-06D00:13:45.901189024,ETHUSD,Buy,26,2434.55,ZeroPlusTick,00000000-006d-1000-0000-000d7e6010a6,6329830,1.811847,4411.031,Regular
2024-11-06D00:13:45.904375752,ETHUSD,Buy,53,2434.55,ZeroPlusTick,00000000-006d-1000-0000-000d7e6010de,12903115,3.69338,8991.718,Regular
2024-11-06D00:13:45.907172237,ETHUSD,Buy,25,2434.55,ZeroPlusTick,00000000-006d-1000-0000-000d7e60113b,6086375,1.74216,4241.376,Regular
2024-11-06D00:13:45.910850700,ETHUSD,Buy,38,2435.1,PlusTick,00000000-006d-1000-0000-000d7e6011bd,9253380,2.648084,6448.348,Regular
2024-11-06D00:13:45.911978028,ETHUSD,Buy,2,2435.1,ZeroPlusTick,00000000-006d-1000-0000-000d7e6011df,487020,0.1393728,339.3868,Regular
2024-11-06D00:13:45.923825601,ETHUSD,Buy,98,2435.1,ZeroPlusTick,00000000-006d-1000-0000-000d7e60129c,23863980,6.829268,16629.95,Regular
2024-11-06D00:13:45.931719129,ETHUSD,Buy,28,2435.1,ZeroPlusTick,00000000-006d-1000-0000-000d7e60131a,6818280,1.95122,4751.415,Regular
2024-11-06D00:13:45.931719129,ETHUSD,Buy,14,2435.16,PlusTick,00000000-006d-1000-0000-000d7e60131d,3409224,0.9756098,2375.766,Regular
2024-11-06D00:13:45.931719129,ETHUSD,Buy,18,2435.33,PlusTick,00000000-006d-1000-0000-000d7e601320,4383594,1.254355,3054.769,Regular
2024-11-06D00:13:45.931719129,ETHUSD,Buy,31,2435.51,PlusTick,00000000-006d-1000-0000-000d7e601323,7550081,2.160279,5261.38,Regular
2024-11-06D00:13:45.937520866,ETHUSD,Buy,16,2435.51,ZeroPlusTick,00000000-006d-1000-0000-000d7e60136b,3896816,1.114983,2715.551,Regular
2024-11-06D00:13:45.943350462,ETHUSD,Buy,32,2435.94,PlusTick,00000000-006d-1000-0000-000d7e6013c4,7795008,2.229965,5432.061,Regular
2024-11-06D00:13:45.943350462,ETHUSD,Buy,63,2436.04,PlusTick,00000000-006d-1000-0000-000d7e6013ca,15347052,4.390244,10694.81,Regular
2024-11-06D00:13:45.976325683,ETHUSD,Buy,9,2436.04,ZeroPlusTick,00000000-006d-1000-0000-000d7e601613,2192436,0.6271777,1527.83,Regular
2024-11-06D00:13:45.980185996,ETHUSD,Buy,16,2436.04,ZeroPlusTick,00000000-006d-1000-0000-000d7e601654,3897664,1.114983,2716.142,Regular
2024-11-06D00:13:51.117640635,ETHUSD,Sell,6,2435.62,MinusTick,00000000-006d-1000-0000-000d7e605dfc,1461372,0.4181185,1018.378,Regular
2024-11-06D00:13:51.649307909,ETHUSD,Buy,20,2435.45,MinusTick,00000000-006d-1000-0000-000d7e606751,4870900,1.393728,3394.355,Regular
2024-11-06D00:13:53.076574493,ETHUSD,Sell,14,2434.94,MinusTick,00000000-006d-1000-0000-000d7e607a04,3408916,0.9756098,2375.551,Regular
2024-11-06D00:13:53.093198617,ETHUSD,Sell,6,2434.73,MinusTick,00000000-006d-1000-0000-000d7e607b25,1460838,0.4181185,1018.006,Regular
2024-11-06D00:14:27.916253284,ETHUSD,Sell,6,2434.64,MinusTick,00000000-006d-1000-0000-000d7e61f770,1460784,0.41841,1018.678,Regular
2024-11-06D00:14:51.802879623,ETHUSD,Sell,6,2434.82,PlusTick,00000000-006d-1000-0000-000d7e62d500,1460892,0.41841,1018.753,Regular
2024-11-06D00:14:52.058962249,ETHUSD,Sell,3,2434.44,MinusTick,00000000-006d-1000-0000-000d7e62e28a,730332,0.209205,509.2971,Regular
2024-11-06D00:14:54.255216311,ETHUSD,Sell,14,2433.88,MinusTick,00000000-006d-1000-0000-000d7e630020,3407432,0.9762901,2376.173,Regular
2024-11-06D00:14:54.255216311,ETHUSD,Sell,6,2433.88,ZeroMinusTick,00000000-006d-1000-0000-000d7e630023,1460328,0.41841,1018.36,Regular
2024-11-06D00:15:00.770865970,ETHUSD,Sell,6,2433.23,MinusTick,00000000-006d-1000-0000-000d7e634427,1459938,0.41841,1018.088,Regular
2024-11-06D00:15:02.725470411,ETHUSD,Sell,6,2432.33,MinusTick,00000000-006d-1000-0000-000d7e636099,1459398,0.41841,1017.711,Regular
2024-11-06D00:15:02.854687869,ETHUSD,Sell,14,2432.26,MinusTick,00000000-006d-1000-0000-000d7e636590,3405164,0.9762901,2374.591,Regular
2024-11-06D00:15:07.493442769,ETHUSD,Sell,6,2431.97,MinusTick,00000000-006d-1000-0000-000d7e63a5f0,1459182,0.41841,1017.561,Regular
2024-11-06D00:15:08.849116007,ETHUSD,Sell,6,2431.1,MinusTick,00000000-006d-1000-0000-000d7e63c90f,1458660,0.41841,1017.197,Regular
2024-11-06D00:15:18.426005596,ETHUSD,Sell,6,2430.15,MinusTick,00000000-006d-1000-0000-000d7e644404,1458090,0.41841,1016.799,Regular
2024-11-06D00:15:18.426005596,ETHUSD,Sell,14,2430.03,MinusTick,00000000-006d-1000-0000-000d7e644407,3402042,0.9762901,2372.414,Regular
2024-11-06D00:15:20.940996052,ETHUSD,Sell,6,2429.5,MinusTick,00000000-006d-1000-0000-000d7e64615b,1457700,0.41841,1016.527,Regular
2024-11-06D00:15:22.420049172,ETHUSD,Sell,6,2429.02,MinusTick,00000000-006d-1000-0000-000d7e64726e,1457412,0.41841,1016.326,Regular
2024-11-06D00:15:22.803267328,ETHUSD,Sell,14,2428.34,MinusTick,00000000-006d-1000-0000-000d7e648354,3399676,0.9762901,2370.764,Regular
2024-11-06D00:15:22.821009325,ETHUSD,Sell,6,2428.3,MinusTick,00000000-006d-1000-0000-000d7e648539,1456980,0.41841,1016.025,Regular
2024-11-06D00:15:28.297944683,ETHUSD,Buy,14,2430.07,PlusTick,00000000-006d-1000-0000-000d7e64e385,3402098,0.9762901,2372.453,Regular
2024-11-06D00:16:04.877961139,ETHUSD,Buy,2,2431.78,PlusTick,00000000-006d-1000-0000-000d7e66698a,486356,0.1392758,338.688,Regular
2024-11-06D00:16:04.877961139,ETHUSD,Buy,18,2431.86,PlusTick,00000000-006d-1000-0000-000d7e66698d,4377348,1.253482,3048.292,Regular
2024-11-06D00:16:11.081802713,ETHUSD,Buy,5,2431.88,PlusTick,00000000-006d-1000-0000-000d7e66aceb,1215940,0.3481894,846.7549,Regular
2024-11-06D00:16:11.086488717,ETHUSD,Buy,2,2431.88,ZeroPlusTick,00000000-006d-1000-0000-000d7e66ad26,486376,0.1392758,338.7019,Regular
2024-11-06D00:16:11.088293834,ETHUSD,Buy,7,2431.88,ZeroPlusTick,00000000-006d-1000-0000-000d7e66ad48,1702316,0.4874652,1185.457,Regular
2024-11-06D00:16:23.032584861,ETHUSD,Buy,14,2433.83,PlusTick,00000000-006d-1000-0000-000d7e673fe4,3407362,0.9749304,2372.815,Regular
2024-11-06D00:16:28.033009511,ETHUSD,Sell,11,2432.85,MinusTick,00000000-006d-1000-0000-000d7e677a42,2676135,0.7660167,1863.604,Regular
2024-11-06D00:16:28.035176062,ETHUSD,Sell,3,2432.85,ZeroMinusTick,00000000-006d-1000-0000-000d7e677a72,729855,0.2089136,508.2556,Regular
2024-11-06D00:16:32.389723320,ETHUSD,Sell,2,2432.52,MinusTick,00000000-006d-1000-0000-000d7e67ba24,486504,0.1393728,339.0272,Regular
2024-11-06D00:16:48.469732310,ETHUSD,Buy,10,2433.63,PlusTick,00000000-006d-1000-0000-000d7e687fe1,2433630,0.6968641,1695.909,Regular
2024-11-06D00:16:49.397127707,ETHUSD,Buy,1,2433.93,PlusTick,00000000-006d-1000-0000-000d7e68897e,243393,0.06968641,169.6118,Regular
2024-11-06D00:16:49.397386570,ETHUSD,Buy,13,2433.93,ZeroPlusTick,00000000-006d-1000-0000-000d7e688983,3164109,0.9059233,2204.954,Regular
2024-11-06D00:17:13.624374497,ETHUSD,Buy,14,2436.24,PlusTick,00000000-006d-1000-0000-000d7e699702,3410736,0.9756098,2376.82,Regular
2024-11-06D00:17:13.624506442,ETHUSD,Buy,10,2436.25,PlusTick,00000000-006d-1000-0000-000d7e699708,2436250,0.6968641,1697.735,Regular
2024-11-06D00:17:24.690466797,ETHUSD,Buy,20,2437.93,PlusTick,00000000-006d-1000-0000-000d7e6a21cc,4875860,1.393728,3397.812,Regular
2024-11-06D00:18:10.044985266,ETHUSD,Sell,23,2437.78,MinusTick,00000000-006d-1000-0000-000d7e6bf9ac,5606894,1.606145,3915.429,Regular
2024-11-06D00:18:10.044985266,ETHUSD,Sell,4,2437.78,ZeroMinusTick,00000000-006d-1000-0000-000d7e6bf9af,975112,0.2793296,680.9441,Regular
2024-11-06D00:18:15.292484195,ETHUSD,Buy,14,2438.24,PlusTick,00000000-006d-1000-0000-000d7e6c43d6,3413536,0.9776536,2383.754,Regular
2024-11-06D00:18:27.988861871,ETHUSD,Buy,14,2440.24,PlusTick,00000000-006d-1000-0000-000d7e6cd91e,3416336,0.9776536,2385.709,Regular
2024-11-06D00:18:30.909255554,ETHUSD,Sell,14,2439.32,MinusTick,00000000-006d-1000-0000-000d7e6d21e4,3415048,0.9776536,2384.81,Regular
2024-11-06D00:18:38.202819096,ETHUSD,Sell,9,2439.02,MinusTick,00000000-006d-1000-0000-000d7e6d8746,2195118,0.6284916,1532.904,Regular
2024-11-06D00:18:38.202819096,ETHUSD,Sell,4,2439.02,ZeroMinusTick,00000000-006d-1000-0000-000d7e6d8749,975608,0.2793296,681.2905,Regular
2024-11-06D00:18:38.202819096,ETHUSD,Sell,3,2439.02,ZeroMinusTick,00000000-006d-1000-0000-000d7e6d874c,731706,0.2094972,510.9679,Regular
2024-11-06D00:18:38.202819096,ETHUSD,Sell,8,2438.76,MinusTick,00000000-006d-1000-0000-000d7e6d874f,1951008,0.5586592,1362.436,Regular
2024-11-06D00:18:42.977846553,ETHUSD,Sell,1,2439.42,PlusTick,00000000-006d-1000-0000-000d7e6dbb2f,243942,0.0698324,170.3506,Regular
2024-11-06D00:19:08.771563953,ETHUSD,Buy,1,2439.29,MinusTick,00000000-006d-1000-0000-000d7e6ec38c,243929,0.0698812,170.4605,Regular
2024-11-06D00:19:10.032207995,ETHUSD,Sell,2,2438.49,MinusTick,00000000-006d-1000-0000-000d7e6ed766,487698,0.1397624,340.8092,Regular
2024-11-06D00:19:20.662921653,ETHUSD,Sell,26,2437.65,MinusTick,00000000-006d-1000-0000-000d7e6f5ab1,6337890,1.816911,4428.994,Regular
2024-11-06D00:19:37.461202089,ETHUSD,Buy,5,2439.5,PlusTick,00000000-006d-1000-0000-000d7e7008ae,1219750,0.349162,851.7807,Regular
2024-11-06D00:19:37.527105659,ETHUSD,Buy,5,2439.5,ZeroPlusTick,00000000-006d-1000-0000-000d7e700bbb,1219750,0.349162,851.7807,Regular
2024-11-06D00:19:39.167158302,ETHUSD,Buy,5,2440.6,PlusTick,00000000-006d-1000-0000-000d7e702f1a,1220300,0.349162,852.1648,Regular
2024-11-06D00:19:39.171980577,ETHUSD,Buy,14,2440.68,PlusTick,00000000-006d-1000-0000-000d7e702f4a,3416952,0.9776536,2386.14,Regular
2024-11-06D00:19:44.660549705,ETHUSD,Sell,14,2439.48,MinusTick,00000000-006d-1000-0000-000d7e707049,3415272,0.9776536,2384.966,Regular
2024-11-06D00:19:45.016938799,ETHUSD,Sell,6,2439.24,MinusTick,00000000-006d-1000-0000-000d7e70743b,1463544,0.4189944,1022.028,Regular
2024-11-06D00:20:26.490417595,ETHUSD,Sell,1,2437.73,MinusTick,00000000-006d-1000-0000-000d7e724b29,243773,0.0698324,170.2325,Regular
2024-11-06D00:20:26.490417595,ETHUSD,Sell,2,2437.73,ZeroMinusTick,00000000-006d-1000-0000-000d7e724b2c,487546,0.1396648,340.4651,Regular
2024-11-06D00:20:26.490417595,ETHUSD,Sell,11,2437.68,MinusTick,00000000-006d-1000-0000-000d7e724b2f,2681448,0.7681564,1872.52,Regular
2024-11-06D00:20:26.505628513,ETHUSD,Sell,3,2437.68,ZeroMinusTick,00000000-006d-1000-0000-000d7e724d0e,731304,0.2094972,510.6872,Regular
2024-11-06D00:20:26.647563407,ETHUSD,Sell,3,2437.11,MinusTick,00000000-006d-1000-0000-000d7e72563e,731133,0.2094972,510.5677,Regular
2024-11-06D00:21:17.517286374,ETHUSD,Buy,14,2438.03,PlusTick,00000000-006d-1000-0000-000d7e74ae49,3413242,0.9769714,2381.886,Regular
2024-11-06D00:21:24.200855079,ETHUSD,Sell,3,2438.38,PlusTick,00000000-006d-1000-0000-000d7e74f6fc,731514,0.209351,510.4773,Regular
2024-11-06D00:21:24.200982172,ETHUSD,Sell,1,2438.38,ZeroPlusTick,00000000-006d-1000-0000-000d7e74f700,243838,0.06978367,170.1591,Regular
2024-11-06D00:21:44.820639811,ETHUSD,Sell,1,2437.46,MinusTick,00000000-006d-1000-0000-000d7e75ea5d,243746,0.0698324,170.2137,Regular
2024-11-06D00:21:44.821469298,ETHUSD,Sell,13,2437.46,ZeroMinusTick,00000000-006d-1000-0000-000d7e75ea63,3168698,0.9078212,2212.778,Regular
2024-11-06D00:21:58.868219937,ETHUSD,Buy,14,2438.41,PlusTick,00000000-006d-1000-0000-000d7e7674f4,3413774,0.9776536,2383.92,Regular
2024-11-06D00:22:09.024761326,ETHUSD,Buy,10,2439.42,PlusTick,00000000-006d-1000-0000-000d7e76f667,2439420,0.698324,1703.506,Regular
2024-11-06D00:22:12.857913587,ETHUSD,Buy,9,2439.84,PlusTick,00000000-006d-1000-0000-000d7e77255f,2195856,0.6284916,1533.419,Regular
2024-11-06D00:22:12.858445987,ETHUSD,Buy,3,2439.84,ZeroPlusTick,00000000-006d-1000-0000-000d7e772563,731952,0.2094972,511.1397,Regular
2024-11-06D00:22:12.860239145,ETHUSD,Buy,2,2439.84,ZeroPlusTick,00000000-006d-1000-0000-000d7e77256b,487968,0.1396648,340.7598,Regular
2024-11-06D00:23:00.739062797,ETHUSD,Buy,14,2441.79,PlusTick,00000000-006d-1000-0000-000d7e79588e,3418506,0.979021,2390.564,Regular
2024-11-06D00:23:08.686966375,ETHUSD,Buy,14,2443.18,PlusTick,00000000-006d-1000-0000-000d7e79d723,3420452,0.979021,2391.924,Regular
2024-11-06D00:23:08.688217554,ETHUSD,Buy,5,2443.91,PlusTick,00000000-006d-1000-0000-000d7e79d758,1221955,0.3496503,854.514,Regular
2024-11-06D00:23:09.325400073,ETHUSD,Sell,10,2442.85,MinusTick,00000000-006d-1000-0000-000d7e79e91e,2442850,0.6993007,1708.287,Regular
2024-11-06D00:23:10.902597757,ETHUSD,Sell,26,2442.43,MinusTick,00000000-006d-1000-0000-000d7e79fd25,6350318,1.818182,4440.782,Regular
2024-11-06D00:23:10.902597757,ETHUSD,Sell,26,2442.43,ZeroMinusTick,00000000-006d-1000-0000-000d7e79fd28,6350318,1.818182,4440.782,Regular
2024-11-06D00:23:21.050381088,ETHUSD,Sell,2,2443.33,PlusTick,00000000-006d-1000-0000-000d7e7a734c,488666,0.1398601,341.7245,Regular
2024-11-06D00:23:30.865522299,ETHUSD,Sell,4,2442.22,MinusTick,00000000-006d-1000-0000-000d7e7aeaf0,976888,0.279916,683.6165,Regular
2024-11-06D00:23:30.870153547,ETHUSD,Sell,10,2442.22,ZeroMinusTick,00000000-006d-1000-0000-000d7e7aeb3c,2442220,0.6997901,1709.041,Regular
2024-11-06D00:23:31.409807817,ETHUSD,Buy,2,2442.21,MinusTick,00000000-006d-1000-0000-000d7e7af79d,488442,0.139958,341.8069,Regular
2024-11-06D00:23:31.409807817,ETHUSD,Buy,2,2442.22,PlusTick,00000000-006d-1000-0000-000d7e7af7a0,488444,0.139958,341.8083,Regular
2024-11-06D00:23:31.409807817,ETHUSD,Buy,16,2442.77,PlusTick,00000000-006d-1000-0000-000d7e7af7a3,3908432,1.119664,2735.082,Regular
2024-11-06D00:23:49.474913529,ETHUSD,Buy,14,2443.61,PlusTick,00000000-006d-1000-0000-000d7e7b9e71,3421054,0.9797061,2394.02,Regular
2024-11-06D00:23:49.474913529,ETHUSD,Buy,8,2444.2,PlusTick,00000000-006d-1000-0000-000d7e7b9e74,1955360,0.5598321,1368.341,Regular
2024-11-06D00:23:49.474913529,ETHUSD,Buy,24,2444.21,PlusTick,00000000-006d-1000-0000-000d7e7b9e77,5866104,1.679496,4105.041,Regular
2024-11-06D00:23:59.123355085,ETHUSD,Buy,14,2445.56,PlusTick,00000000-006d-1000-0000-000d7e7c2b63,3423784,0.9797061,2395.93,Regular
2024-11-06D00:23:59.172470315,ETHUSD,Buy,14,2445.57,PlusTick,00000000-006d-1000-0000-000d7e7c2dbb,3423798,0.9797061,2395.94,Regular
2024-11-06D00:23:59.172470315,ETHUSD,Buy,10,2445.86,PlusTick,00000000-006d-1000-0000-000d7e7c2dbe,2445860,0.6997901,1711.589,Regular
2024-11-06D00:24:17.954733832,ETHUSD,Sell,6,2445.6,MinusTick,00000000-006d-1000-0000-000d7e7d241c,1467360,0.419874,1026.844,Regular
2024-11-06D00:24:20.741423167,ETHUSD,Buy,19,2446.53,PlusTick,00000000-006d-1000-0000-000d7e7d3fde,4648407,1.329601,3252.909,Regular
2024-11-06D00:24:20.741423167,ETHUSD,Buy,26,2446.54,PlusTick,00000000-006d-1000-0000-000d7e7d3fe1,6361004,1.819454,4451.367,Regular
2024-11-06D00:24:20.741423167,ETHUSD,Buy,30,2446.57,PlusTick,00000000-006d-1000-0000-000d7e7d3fe4,7339710,2.09937,5136.256,Regular
2024-11-06D00:24:24.108184941,ETHUSD,Buy,14,2447.24,PlusTick,00000000-006d-1000-0000-000d7e7d7583,3426136,0.9797061,2397.576,Regular
2024-11-06D00:24:24.108592806,ETHUSD,Buy,5,2448.09,PlusTick,00000000-006d-1000-0000-000d7e7d7588,1224045,0.349895,856.5745,Regular
2024-11-06D00:24:26.622243084,ETHUSD,Sell,1,2446.95,MinusTick,00000000-006d-1000-0000-000d7e7d967b,244695,0.06997901,171.2351,Regular
2024-11-06D00:24:31.518964684,ETHUSD,Buy,2,2447.64,PlusTick,00000000-006d-1000-0000-000d7e7ddc2e,489528,0.1401542,343.047,Regular
2024-11-06D00:24:31.518964684,ETHUSD,Buy,46,2447.79,PlusTick,00000000-006d-1000-0000-000d7e7ddc31,11259834,3.223546,7890.563,Regular
2024-11-06D00:24:31.518964684,ETHUSD,Buy,27,2447.83,PlusTick,00000000-006d-1000-0000-000d7e7ddc34,6609141,1.892081,4631.493,Regular
2024-11-06D00:24:42.975497306,ETHUSD,Buy,20,2448.26,PlusTick,00000000-006d-1000-0000-000d7e7e5470,4896520,1.401542,3431.338,Regular
2024-11-06D00:25:00.613861852,ETHUSD,Buy,14,2448.91,PlusTick,00000000-006d-1000-0000-000d7e7f1ad5,3428474,0.9810792,2402.575,Regular
2024-11-06D00:25:00.614402115,ETHUSD,Buy,1,2449.7,PlusTick,00000000-006d-1000-0000-000d7e7f1ae7,244970,0.07007708,171.6678,Regular
2024-11-06D00:25:06.204456963,ETHUSD,Sell,7,2448.33,MinusTick,00000000-006d-1000-0000-000d7e7f63c4,1713831,0.4905396,1201.003,Regular
2024-11-06D00:25:22.292213532,ETHUSD,Buy,1,2449.7,PlusTick,00000000-006d-1000-0000-000d7e8029b2,244970,0.07007708,171.6678,Regular
2024-11-06D00:25:22.480488240,ETHUSD,Buy,3,2450.73,PlusTick,00000000-006d-1000-0000-000d7e802ed0,735219,0.2102313,515.22,Regular
2024-11-06D00:25:22.481166881,ETHUSD,Buy,2,2450.73,ZeroPlusTick,00000000-006d-1000-0000-000d7e802ed8,490146,0.1401542,343.48,Regular
2024-11-06D00:25:22.934962391,ETHUSD,Sell,3,2450.15,MinusTick,00000000-006d-1000-0000-000d7e8037e6,735045,0.2102313,515.0981,Regular
2024-11-06D00:25:36.774480604,ETHUSD,Buy,2,2450.72,PlusTick,00000000-006d-1000-0000-000d7e80f4da,490144,0.1401542,343.4786,Regular
2024-11-06D00:25:36.774480604,ETHUSD,Buy,9,2450.73,PlusTick,00000000-006d-1000-0000-000d7e80f4dd,2205657,0.6306938,1545.66,Regular
2024-11-06D00:25:36.792350928,ETHUSD,Buy,2,2451.27,PlusTick,00000000-006d-1000-0000-000d7e80f625,490254,0.1401542,343.5557,Regular
2024-11-06D00:25:36.799734893,ETHUSD,Buy,5,2451.87,PlusTick,00000000-006d-1000-0000-000d7e80f69f,1225935,0.3503854,859.0995,Regular
2024-11-06D00:25:36.816422063,ETHUSD,Buy,12,2451.87,ZeroPlusTick,00000000-006d-1000-0000-000d7e80f773,2942244,0.840925,2061.839,Regular
2024-11-06D00:25:36.820087344,ETHUSD,Buy,6,2452.12,PlusTick,00000000-006d-1000-0000-000d7e80f7c1,1471272,0.4204625,1031.025,Regular
2024-11-06D00:25:36.825939951,ETHUSD,Buy,6,2452.12,ZeroPlusTick,00000000-006d-1000-0000-000d7e80f821,1471272,0.4204625,1031.025,Regular
2024-11-06D00:25:40.534140855,ETHUSD,Buy,17,2452.51,PlusTick,00000000-006d-1000-0000-000d7e812b04,4169267,1.19131,2921.701,Regular
2024-11-06D00:25:40.534140855,ETHUSD,Buy,8,2452.78,PlusTick,00000000-006d-1000-0000-000d7e812b07,1962224,0.5606167,1375.069,Regular
2024-11-06D00:25:40.534140855,ETHUSD,Buy,14,2452.79,PlusTick,00000000-006d-1000-0000-000d7e812b0a,3433906,0.9810792,2406.381,Regular
2024-11-06D00:25:40.534140855,ETHUSD,Buy,18,2452.87,PlusTick,00000000-006d-1000-0000-000d7e812b0d,4415166,1.261388,3094.02,Regular
2024-11-06D00:25:40.534140855,ETHUSD,Buy,13,2453.04,PlusTick,00000000-006d-1000-0000-000d7e812b10,3188952,0.9110021,2234.725,Regular
2024-11-06D00:25:40.534140855,ETHUSD,Buy,26,2453.05,PlusTick,00000000-006d-1000-0000-000d7e812b13,6377930,1.822004,4469.467,Regular
2024-11-06D00:25:40.534140855,ETHUSD,Buy,15,2453.3,PlusTick,00000000-006d-1000-0000-000d7e812b16,3679950,1.051156,2578.802,Regular
2024-11-06D00:25:40.534140855,ETHUSD,Buy,5,2453.31,PlusTick,00000000-006d-1000-0000-000d7e812b19,1226655,0.3503854,859.6041,Regular
2024-11-06D00:25:40.534728190,ETHUSD,Buy,6,2453.31,ZeroPlusTick,00000000-006d-1000-0000-000d7e812b22,1471986,0.4204625,1031.525,Regular
2024-11-06D00:25:40.535767202,ETHUSD,Buy,5,2453.31,ZeroPlusTick,00000000-006d-1000-0000-000d7e812b2e,1226655,0.3503854,859.6041,Regular
2024-11-06D00:25:40.689922636,ETHUSD,Buy,2,2453.3,MinusTick,00000000-006d-1000-0000-000d7e812e5f,490660,0.1401542,343.8402,Regular
2024-11-06D00:25:40.692055688,ETHUSD,Buy,26,2453.31,PlusTick,00000000-006d-1000-0000-000d7e812e67,6378606,1.822004,4469.941,Regular
2024-11-06D00:25:40.692055688,ETHUSD,Buy,26,2453.79,PlusTick,00000000-006d-1000-0000-000d7e812e6a,6379854,1.822004,4470.816,Regular
2024-11-06D00:25:40.692055688,ETHUSD,Buy,26,2453.92,PlusTick,00000000-006d-1000-0000-000d7e812e6d,6380192,1.822004,4471.053,Regular
2024-11-06D00:25:40.692055688,ETHUSD,Buy,26,2454.05,PlusTick,00000000-006d-1000-0000-000d7e812e70,6380530,1.822004,4471.289,Regular
2024-11-06D00:25:40.692055688,ETHUSD,Buy,11,2454.15,PlusTick,00000000-006d-1000-0000-000d7e812e73,2699565,0.7708479,1891.776,Regular
2024-11-06D00:25:40.773223876,ETHUSD,Buy,89,2454.15,ZeroPlusTick,00000000-006d-1000-0000-000d7e812fcc,21841935,6.236861,15306.19,Regular
2024-11-06D00:25:40.773223876,ETHUSD,Buy,24,2454.15,ZeroPlusTick,00000000-006d-1000-0000-000d7e812fcf,5889960,1.68185,4127.512,Regular
2024-11-06D00:25:45.373635645,ETHUSD,Buy,18,2454.07,MinusTick,00000000-006d-1000-0000-000d7e816214,4417326,1.261388,3095.533,Regular
2024-11-06D00:25:45.373635645,ETHUSD,Buy,2,2454.08,PlusTick,00000000-006d-1000-0000-000d7e816217,490816,0.1401542,343.9495,Regular
2024-11-06D00:25:47.103082327,ETHUSD,Sell,3,2453.6,MinusTick,00000000-006d-1000-0000-000d7e81808d,736080,0.2102313,515.8234,Regular
2024-11-06D00:25:48.744974090,ETHUSD,Sell,6,2453.03,MinusTick,00000000-006d-1000-0000-000d7e8193b8,1471818,0.4204625,1031.407,Regular
2024-11-06D00:25:48.744974090,ETHUSD,Sell,1,2453.03,ZeroMinusTick,00000000-006d-1000-0000-000d7e8193bb,245303,0.07007708,171.9012,Regular
2024-11-06D00:25:48.744974090,ETHUSD,Sell,3,2453.03,ZeroMinusTick,00000000-006d-1000-0000-000d7e8193be,735909,0.2102313,515.7036,Regular
2024-11-06D00:25:48.744974090,ETHUSD,Sell,1,2453.03,ZeroMinusTick,00000000-006d-1000-0000-000d7e8193c1,245303,0.07007708,171.9012,Regular
2024-11-06D00:25:49.779187503,ETHUSD,Sell,6,2452.09,MinusTick,00000000-006d-1000-0000-000d7e81a707,1471254,0.4204625,1031.012,Regular
2024-11-06D00:26:03.960450049,ETHUSD,Buy,15,2454.16,PlusTick,00000000-006d-1000-0000-000d7e826834,3681240,1.051893,2581.515,Regular
2024-11-06D00:26:04.334561124,ETHUSD,Buy,6,2454.16,ZeroPlusTick,00000000-006d-1000-0000-000d7e826d7d,1472496,0.4207574,1032.606,Regular
2024-11-06D00:26:04.366048164,ETHUSD,Buy,2,2454.16,ZeroPlusTick,00000000-006d-1000-0000-000d7e826dc4,490832,0.1402525,344.202,Regular
2024-11-06D00:26:04.366048164,ETHUSD,Buy,4,2454.17,PlusTick,00000000-006d-1000-0000-000d7e826dc7,981668,0.2805049,688.4067,Regular
2024-11-06D00:26:04.448748306,ETHUSD,Buy,6,2454.17,ZeroPlusTick,00000000-006d-1000-0000-000d7e826e6d,1472502,0.4207574,1032.61,Regular
2024-11-06D00:26:04.603152823,ETHUSD,Buy,4,2454.17,ZeroPlusTick,00000000-006d-1000-0000-000d7e8270f8,981668,0.2805049,688.4067,Regular
2024-11-06D00:26:08.699985752,ETHUSD,Buy,2,2456.05,PlusTick,00000000-006d-1000-0000-000d7e82b057,491210,0.1402525,344.467,Regular
2024-11-06D00:26:08.700448261,ETHUSD,Buy,6,2456.05,ZeroPlusTick,00000000-006d-1000-0000-000d7e82b05b,1473630,0.4207574,1033.401,Regular
2024-11-06D00:26:11.200197603,ETHUSD,Sell,1,2455.02,MinusTick,00000000-006d-1000-0000-000d7e82d405,245502,0.07012623,172.1613,Regular
2024-11-06D00:26:13.568918503,ETHUSD,Sell,6,2454.64,MinusTick,00000000-006d-1000-0000-000d7e82f2e9,1472784,0.4207574,1032.808,Regular
2024-11-06D00:26:14.063840637,ETHUSD,Buy,1,2455.15,PlusTick,00000000-006d-1000-0000-000d7e82fbc8,245515,0.07012623,172.1704,Regular
2024-11-06D00:26:15.708623680,ETHUSD,Buy,10,2455.09,MinusTick,00000000-006d-1000-0000-000d7e830dc5,2455090,0.7012623,1721.662,Regular
2024-11-06D00:26:16.970998406,ETHUSD,Sell,6,2454.21,MinusTick,00000000-006d-1000-0000-000d7e831b75,1472526,0.4207574,1032.627,Regular
2024-11-06D00:26:16.972347333,ETHUSD,Sell,20,2454.05,MinusTick,00000000-006d-1000-0000-000d7e831ba7,4908100,1.402525,3441.865,Regular
2024-11-06D00:26:16.990060226,ETHUSD,Sell,26,2454.05,ZeroMinusTick,00000000-006d-1000-0000-000d7e831cfa,6380530,1.823282,4474.425,Regular
2024-11-06D00:26:19.515844346,ETHUSD,Buy,6,2455.04,PlusTick,00000000-006d-1000-0000-000d7e834adb,1473024,0.4207574,1032.976,Regular
2024-11-06D00:26:27.150568436,ETHUSD,Sell,1,2455.09,PlusTick,00000000-006d-1000-0000-000d7e83b315,245509,0.07012623,172.1662,Regular
2024-11-06D00:26:27.150568436,ETHUSD,Sell,6,2455.09,ZeroPlusTick,00000000-006d-1000-0000-000d7e83b318,1473054,0.4207574,1032.997,Regular
2024-11-06D00:26:29.556666476,ETHUSD,Buy,7,2455.44,PlusTick,00000000-006d-1000-0000-000d7e83cea1,1718808,0.4908836,1205.335,Regular
2024-11-06D00:26:29.557333538,ETHUSD,Buy,2,2455.44,ZeroPlusTick,00000000-006d-1000-0000-000d7e83ceac,491088,0.1402525,344.3815,Regular
2024-11-06D00:26:33.194879843,ETHUSD,Buy,11,2456.4,PlusTick,00000000-006d-1000-0000-000d7e83fbed,2702040,0.7724719,1897.5,Regular
2024-11-06D00:26:33.195325269,ETHUSD,Buy,3,2456.4,ZeroPlusTick,00000000-006d-1000-0000-000d7e83fbfe,736920,0.2106742,517.5,Regular
2024-11-06D00:26:33.195530740,ETHUSD,Buy,6,2457.19,PlusTick,00000000-006d-1000-0000-000d7e83fc07,1474314,0.4213483,1035.333,Regular
2024-11-06D00:26:35.294761640,ETHUSD,Sell,6,2456.39,MinusTick,00000000-006d-1000-0000-000d7e8421d2,1473834,0.4213483,1034.996,Regular
2024-11-06D00:26:42.488551846,ETHUSD,Sell,4,2455.77,MinusTick,00000000-006d-1000-0000-000d7e846dc7,982308,0.2808989,689.823,Regular
2024-11-06D00:26:42.493291378,ETHUSD,Sell,7,2455.77,ZeroMinusTick,00000000-006d-1000-0000-000d7e846dd8,1719039,0.491573,1207.19,Regular
2024-11-06D00:26:42.494046899,ETHUSD,Sell,3,2455.77,ZeroMinusTick,00000000-006d-1000-0000-000d7e846de3,736731,0.2106742,517.3673,Regular
2024-11-06D00:26:42.494046899,ETHUSD,Sell,1,2455.77,ZeroMinusTick,00000000-006d-1000-0000-000d7e846de6,245577,0.07022472,172.4558,Regular
2024-11-06D00:26:42.951418641,ETHUSD,Sell,1,2455.24,MinusTick,00000000-006d-1000-0000-000d7e847bf1,245524,0.07022472,172.4185,Regular
2024-11-06D00:27:08.900280760,ETHUSD,Buy,2,2457.09,PlusTick,00000000-006d-1000-0000-000d7e85a854,491418,0.1404494,345.0969,Regular
2024-11-06D00:27:08.900280760,ETHUSD,Buy,14,2457.2,PlusTick,00000000-006d-1000-0000-000d7e85a857,3440080,0.9831461,2415.787,Regular
2024-11-06D00:27:08.900280760,ETHUSD,Buy,4,2457.32,PlusTick,00000000-006d-1000-0000-000d7e85a85a,982928,0.2808989,690.2584,Regular
2024-11-06D00:27:14.465949983,ETHUSD,Sell,1,2456.21,MinusTick,00000000-006d-1000-0000-000d7e85d904,245621,0.07022472,172.4867,Regular
2024-11-06D00:27:14.865011806,ETHUSD,Sell,26,2456.16,MinusTick,00000000-006d-1000-0000-000d7e85e00a,6386016,1.825843,4484.562,Regular
2024-11-06D00:27:14.869381030,ETHUSD,Sell,26,2456.16,ZeroMinusTick,00000000-006d-1000-0000-000d7e85e01c,6386016,1.825843,4484.562,Regular
2024-11-06D00:27:14.874814180,ETHUSD,Sell,78,2456.16,ZeroMinusTick,00000000-006d-1000-0000-000d7e85e041,19158048,5.477528,13453.69,Regular
2024-11-06D00:27:14.876701466,ETHUSD,Sell,4,2456.16,ZeroMinusTick,00000000-006d-1000-0000-000d7e85e04a,982464,0.2808989,689.9326,Regular
2024-11-06D00:27:14.876833147,ETHUSD,Sell,2,2456.16,ZeroMinusTick,00000000-006d-1000-0000-000d7e85e04f,491232,0.1404494,344.9663,Regular
2024-11-06D00:27:14.877612095,ETHUSD,Sell,2,2456.16,ZeroMinusTick,00000000-006d-1000-0000-000d7e85e056,491232,0.1404494,344.9663,Regular
2024-11-06D00:27:14.878394837,ETHUSD,Sell,18,2456.16,ZeroMinusTick,00000000-006d-1000-0000-000d7e85e05b,4421088,1.264045,3104.697,Regular
2024-11-06D00:27:14.887178803,ETHUSD,Sell,12,2456.16,ZeroMinusTick,00000000-006d-1000-0000-000d7e85e08a,2947392,0.8426966,2069.798,Regular
2024-11-06D00:27:14.888450168,ETHUSD,Sell,12,2456.16,ZeroMinusTick,00000000-006d-1000-0000-000d7e85e090,2947392,0.8426966,2069.798,Regular
2024-11-06D00:27:14.889102829,ETHUSD,Sell,20,2456.16,ZeroMinusTick,00000000-006d-1000-0000-000d7e85e098,4912320,1.404494,3449.663,Regular
2024-11-06D00:27:31.408793099,ETHUSD,Buy,10,2457.98,PlusTick,00000000-006d-1000-0000-000d7e86b961,2457980,0.7027407,1727.323,Regular
2024-11-06D00:27:31.409681941,ETHUSD,Buy,4,2457.98,ZeroPlusTick,00000000-006d-1000-0000-000d7e86b96a,983192,0.2810963,690.929,Regular
2024-11-06D00:27:31.409887260,ETHUSD,Buy,4,2458,PlusTick,00000000-006d-1000-0000-000d7e86b971,983200,0.2810963,690.9346,Regular
2024-11-06D00:27:31.409986094,ETHUSD,Buy,3,2458,ZeroPlusTick,00000000-006d-1000-0000-000d7e86b975,737400,0.2108222,518.201,Regular
2024-11-06D00:27:31.410165829,ETHUSD,Buy,4,2458,ZeroPlusTick,00000000-006d-1000-0000-000d7e86b97c,983200,0.2810963,690.9346,Regular
2024-11-06D00:27:31.410306492,ETHUSD,Buy,5,2458,ZeroPlusTick,00000000-006d-1000-0000-000d7e86b982,1229000,0.3513703,863.6683,Regular
2024-11-06D00:27:31.411461298,ETHUSD,Buy,5,2458,ZeroPlusTick,00000000-006d-1000-0000-000d7e86b98a,1229000,0.3513703,863.6683,Regular
2024-11-06D00:27:31.411807534,ETHUSD,Buy,4,2458,ZeroPlusTick,00000000-006d-1000-0000-000d7e86b994,983200,0.2810963,690.9346,Regular
2024-11-06D00:27:31.412463236,ETHUSD,Buy,8,2458,ZeroPlusTick,00000000-006d-1000-0000-000d7e86b9ad,1966400,0.5621926,1381.869,Regular
2024-11-06D00:27:34.519594246,ETHUSD,Buy,10,2458.84,PlusTick,00000000-006d-1000-0000-000d7e86dfdd,2458840,0.7027407,1727.927,Regular
2024-11-06D00:27:39.683776099,ETHUSD,Buy,4,2458.02,MinusTick,00000000-006d-1000-0000-000d7e871bb1,983208,0.2810963,690.9403,Regular
2024-11-06D00:27:39.684483353,ETHUSD,Buy,3,2458.02,ZeroMinusTick,00000000-006d-1000-0000-000d7e871bb7,737406,0.2108222,518.2052,Regular
2024-11-06D00:27:39.684582373,ETHUSD,Buy,3,2458.02,ZeroMinusTick,00000000-006d-1000-0000-000d7e871bbb,737406,0.2108222,518.2052,Regular
2024-11-06D00:27:39.686569587,ETHUSD,Buy,5,2458.02,ZeroMinusTick,00000000-006d-1000-0000-000d7e871bd7,1229010,0.3513703,863.6753,Regular
2024-11-06D00:27:39.686751765,ETHUSD,Buy,23,2458.02,ZeroMinusTick,00000000-006d-1000-0000-000d7e871bdd,5653446,1.616304,3972.907,Regular
2024-11-06D00:27:39.686751765,ETHUSD,Buy,33,2458.03,PlusTick,00000000-006d-1000-0000-000d7e871be0,8111499,2.319044,5700.28,Regular
2024-11-06D00:27:39.686751765,ETHUSD,Buy,33,2458.03,ZeroPlusTick,00000000-006d-1000-0000-000d7e871be3,8111499,2.319044,5700.28,Regular
2024-11-06D00:27:40.155859743,ETHUSD,Buy,33,2458.75,PlusTick,00000000-006d-1000-0000-000d7e872197,8113875,2.319044,5701.95,Regular
2024-11-06D00:27:40.286783407,ETHUSD,Buy,33,2458.76,PlusTick,00000000-006d-1000-0000-000d7e8725b1,8113908,2.319044,5701.973,Regular
2024-11-06D00:27:40.287880699,ETHUSD,Buy,14,2458.88,PlusTick,00000000-006d-1000-0000-000d7e8725c3,3442432,0.983837,2419.137,Regular
2024-11-06D00:27:50.063662486,ETHUSD,Sell,1,2458.15,MinusTick,00000000-006d-1000-0000-000d7e87b541,245815,0.07027407,172.7442,Regular
2024-11-06D00:27:58.205320043,ETHUSD,Sell,14,2457.82,MinusTick,00000000-006d-1000-0000-000d7e88132a,3440948,0.983837,2418.094,Regular
2024-11-06D00:28:01.097162584,ETHUSD,Sell,7,2456.94,MinusTick,00000000-006d-1000-0000-000d7e88327a,1719858,0.4919185,1208.614,Regular
2024-11-06D00:28:02.679849935,ETHUSD,Sell,14,2456.08,MinusTick,00000000-006d-1000-0000-000d7e8852d5,3438512,0.983837,2416.382,Regular
2024-11-06D00:28:02.702553042,ETHUSD,Sell,117,2455.84,MinusTick,00000000-006d-1000-0000-000d7e8853dc,28733328,8.222066,20192.08,Regular
2024-11-06D00:28:02.905703261,ETHUSD,Sell,38,2455.84,ZeroMinusTick,00000000-006d-1000-0000-000d7e885d6b,9332192,2.670415,6558.111,Regular
2024-11-06D00:28:02.905907408,ETHUSD,Sell,8,2455.84,ZeroMinusTick,00000000-006d-1000-0000-000d7e885d70,1964672,0.5621926,1380.655,Regular
2024-11-06D00:28:02.905988347,ETHUSD,Sell,8,2455.84,ZeroMinusTick,00000000-006d-1000-0000-000d7e885d74,1964672,0.5621926,1380.655,Regular
2024-11-06D00:28:02.906074765,ETHUSD,Sell,32,2455.84,ZeroMinusTick,00000000-006d-1000-0000-000d7e885d78,7858688,2.24877,5522.62,Regular
2024-11-06D00:28:02.907431684,ETHUSD,Sell,12,2455.84,ZeroMinusTick,00000000-006d-1000-0000-000d7e885d86,2947008,0.8432888,2070.982,Regular
2024-11-06D00:28:02.909981448,ETHUSD,Sell,57,2455.84,ZeroMinusTick,00000000-006d-1000-0000-000d7e885da1,13998288,4.005622,9837.167,Regular
2024-11-06D00:28:02.910687897,ETHUSD,Sell,17,2455.84,ZeroMinusTick,00000000-006d-1000-0000-000d7e885daa,4174928,1.194659,2933.892,Regular
2024-11-06D00:28:02.910988966,ETHUSD,Sell,4,2455.84,ZeroMinusTick,00000000-006d-1000-0000-000d7e885db5,982336,0.2810963,690.3275,Regular
2024-11-06D00:28:02.911217493,ETHUSD,Sell,5,2455.84,ZeroMinusTick,00000000-006d-1000-0000-000d7e885dbd,1227920,0.3513703,862.9093,Regular
2024-11-06D00:28:03.092449996,ETHUSD,Sell,233,2455.84,ZeroMinusTick,00000000-006d-1000-0000-000d7e8862fc,57221072,16.37386,40211.58,Regular
2024-11-06D00:28:03.097577579,ETHUSD,Sell,2,2455.84,ZeroMinusTick,00000000-006d-1000-0000-000d7e886342,491168,0.1405481,345.1637,Regular
2024-11-06D00:28:03.097674636,ETHUSD,Sell,2,2455.84,ZeroMinusTick,00000000-006d-1000-0000-000d7e886346,491168,0.1405481,345.1637,Regular
2024-11-06D00:28:03.097753972,ETHUSD,Sell,26,2455.84,ZeroMinusTick,00000000-006d-1000-0000-000d7e88634a,6385184,1.827126,4487.129,Regular
2024-11-06D00:28:03.097956932,ETHUSD,Sell,6,2455.84,ZeroMinusTick,00000000-006d-1000-0000-000d7e886350,1473504,0.4216444,1035.491,Regular
2024-11-06D00:28:03.098107852,ETHUSD,Sell,8,2455.84,ZeroMinusTick,00000000-006d-1000-0000-000d7e886354,1964672,0.5621926,1380.655,Regular
2024-11-06D00:28:03.098220472,ETHUSD,Sell,4,2455.84,ZeroMinusTick,00000000-006d-1000-0000-000d7e886358,982336,0.2810963,690.3275,Regular
2024-11-06D00:28:07.767966809,ETHUSD,Sell,11,2455.27,MinusTick,00000000-006d-1000-0000-000d7e88a7d1,2700797,0.7730148,1897.96,Regular
2024-11-06D00:28:07.768757872,ETHUSD,Sell,6,2455.27,ZeroMinusTick,00000000-006d-1000-0000-000d7e88a7d8,1473162,0.4216444,1035.251,Regular
2024-11-06D00:28:07.770503205,ETHUSD,Sell,6,2455.23,MinusTick,00000000-006d-1000-0000-000d7e88a804,1473138,0.4216444,1035.234,Regular
2024-11-06D00:28:07.770503205,ETHUSD,Sell,25,2455.23,ZeroMinusTick,00000000-006d-1000-0000-000d7e88a807,6138075,1.756852,4313.475,Regular
2024-11-06D00:28:16.318396773,ETHUSD,Sell,1,2457.26,PlusTick,00000000-006d-1000-0000-000d7e891b70,245726,0.07027407,172.6817,Regular
2024-11-06D00:28:20.922810774,ETHUSD,Buy,14,2457.81,PlusTick,00000000-006d-1000-0000-000d7e89559b,3440934,0.983837,2418.084,Regular
2024-11-06D00:28:28.591516441,ETHUSD,Buy,33,2458.35,PlusTick,00000000-006d-1000-0000-000d7e89c070,8112555,2.319044,5701.022,Regular
2024-11-06D00:28:28.595602761,ETHUSD,Buy,33,2458.36,PlusTick,00000000-006d-1000-0000-000d7e89c0be,8112588,2.319044,5701.046,Regular
2024-11-06D00:28:28.595927393,ETHUSD,Buy,20,2458.55,PlusTick,00000000-006d-1000-0000-000d7e89c0c8,4917100,1.405481,3455.446,Regular
2024-11-06D00:28:38.564172352,ETHUSD,Sell,10,2457.57,MinusTick,00000000-006d-1000-0000-000d7e8a3146,2457570,0.7027407,1727.034,Regular
2024-11-06D00:28:38.564172352,ETHUSD,Sell,3,2457.57,ZeroMinusTick,00000000-006d-1000-0000-000d7e8a3149,737271,0.2108222,518.1103,Regular
2024-11-06D00:28:38.564172352,ETHUSD,Sell,1,2457.57,ZeroMinusTick,00000000-006d-1000-0000-000d7e8a314c,245757,0.07027407,172.7034,Regular
2024-11-06D00:28:54.552089565,ETHUSD,Sell,1,2456.71,MinusTick,00000000-006d-1000-0000-000d7e8ae215,245671,0.07027407,172.643,Regular
2024-11-06D00:28:54.552089565,ETHUSD,Sell,1,2456.71,ZeroMinusTick,00000000-006d-1000-0000-000d7e8ae218,245671,0.07027407,172.643,Regular
2024-11-06D00:28:54.556431178,ETHUSD,Sell,14,2456.59,MinusTick,00000000-006d-1000-0000-000d7e8ae25e,3439226,0.983837,2416.884,Regular
2024-11-06D00:29:05.215368992,ETHUSD,Sell,14,2455.39,MinusTick,00000000-006d-1000-0000-000d7e8b5ee3,3437546,0.9845288,2417.402,Regular
2024-11-06D00:29:23.093622745,ETHUSD,Sell,11,2454.47,MinusTick,00000000-006d-1000-0000-000d7e8c28e8,2699917,0.7735584,1898.676,Regular
2024-11-06D00:29:23.097304800,ETHUSD,Sell,60,2454.47,ZeroMinusTick,00000000-006d-1000-0000-000d7e8c28fc,14726820,4.219409,10356.41,Regular
2024-11-06D00:29:23.097654444,ETHUSD,Sell,432,2454.47,ZeroMinusTick,00000000-006d-1000-0000-000d7e8c2900,106033104,30.37975,74566.18,Regular
2024-11-06D00:29:23.099552645,ETHUSD,Sell,1,2454.47,ZeroMinusTick,00000000-006d-1000-0000-000d7e8c291c,245447,0.07032349,172.6069,Regular
2024-11-06D00:29:23.101186962,ETHUSD,Sell,37,2454.47,ZeroMinusTick,00000000-006d-1000-0000-000d7e8c292c,9081539,2.601969,6386.455,Regular
2024-11-06D00:29:23.101321805,ETHUSD,Sell,26,2454.47,ZeroMinusTick,00000000-006d-1000-0000-000d7e8c2931,6381622,1.828411,4487.779,Regular
2024-11-06D00:29:23.105198367,ETHUSD,Sell,3,2454.47,ZeroMinusTick,00000000-006d-1000-0000-000d7e8c2946,736341,0.2109705,517.8207,Regular
2024-11-06D00:29:23.105822816,ETHUSD,Sell,26,2454.47,ZeroMinusTick,00000000-006d-1000-0000-000d7e8c294d,6381622,1.828411,4487.779,Regular
2024-11-06D00:29:23.694347851,ETHUSD,Sell,140,2454.47,ZeroMinusTick,00000000-006d-1000-0000-000d7e8c2f7c,34362580,9.845288,24164.96,Regular
2024-11-06D00:29:23.797511027,ETHUSD,Sell,65,2454.47,ZeroMinusTick,00000000-006d-1000-0000-000d7e8c3017,15954055,4.571027,11219.45,Regular
2024-11-06D00:29:23.804661346,ETHUSD,Sell,12,2454.47,ZeroMinusTick,00000000-006d-1000-0000-000d7e8c303b,2945364,0.8438819,2071.283,Regular
2024-11-06D00:29:23.804764265,ETHUSD,Sell,438,2454.47,ZeroMinusTick,00000000-006d-1000-0000-000d7e8c303f,107505786,30.80169,75601.82,Regular
2024-11-06D00:29:23.805330919,ETHUSD,Sell,197,2454.47,ZeroMinusTick,00000000-006d-1000-0000-000d7e8c3047,48353059,13.85373,34003.56,Regular
2024-11-06D00:29:42.771036665,ETHUSD,Buy,1,2454.99,PlusTick,00000000-006d-1000-0000-000d7e8cfa68,245499,0.07027407,172.5221,Regular
2024-11-06D00:30:02.845678139,ETHUSD,Buy,99,2455.02,PlusTick,00000000-006d-1000-0000-000d7e8dd6c3,24304698,6.962025,17091.91,Regular
2024-11-06D00:30:02.850771791,ETHUSD,Buy,52,2455.02,ZeroPlusTick,00000000-006d-1000-0000-000d7e8dd710,12766104,3.656821,8977.57,Regular
2024-11-06D00:30:02.851041519,ETHUSD,Buy,108,2455.02,ZeroPlusTick,00000000-006d-1000-0000-000d7e8dd71a,26514216,7.594937,18645.72,Regular
2024-11-06D00:30:02.959910683,ETHUSD,Buy,10,2455.27,PlusTick,00000000-006d-1000-0000-000d7e8ddc14,2455270,0.7032349,1726.632,Regular
2024-11-06D00:30:03.388450042,ETHUSD,Buy,11,2455.92,PlusTick,00000000-006d-1000-0000-000d7e8de95f,2701512,0.7735584,1899.797,Regular
2024-11-06D00:30:03.390211284,ETHUSD,Buy,3,2455.92,ZeroPlusTick,00000000-006d-1000-0000-000d7e8de96f,736776,0.2109705,518.1266,Regular
2024-11-06D00:30:03.802317443,ETHUSD,Buy,1,2456.29,PlusTick,00000000-006d-1000-0000-000d7e8df405,245629,0.07032349,172.7349,Regular
2024-11-06D00:30:12.088375525,ETHUSD,Buy,14,2457.91,PlusTick,00000000-006d-1000-0000-000d7e8e652f,3441074,0.9845288,2419.883,Regular
2024-11-06D00:30:14.223859176,ETHUSD,Sell,3,2456.94,MinusTick,00000000-006d-1000-0000-000d7e8e8bd2,737082,0.2109705,518.3418,Regular
2024-11-06D00:30:16.737991296,ETHUSD,Sell,2,2456.94,ZeroMinusTick,00000000-006d-1000-0000-000d7e8ea5ce,491388,0.140647,345.5612,Regular
2024-11-06D00:30:16.737991296,ETHUSD,Sell,7,2456.94,ZeroMinusTick,00000000-006d-1000-0000-000d7e8ea5d1,1719858,0.4922644,1209.464,Regular
2024-11-06D00:30:20.096034402,ETHUSD,Sell,3,2456.34,MinusTick,00000000-006d-1000-0000-000d7e8ed731,736902,0.2109705,518.2152,Regular
2024-11-06D00:30:24.979154063,ETHUSD,Sell,1,2456.35,PlusTick,00000000-006d-1000-0000-000d7e8f1c54,245635,0.07032349,172.7391,Regular
2024-11-06D00:30:33.685460550,ETHUSD,Buy,9,2459.24,PlusTick,00000000-006d-1000-0000-000d7e8f8ed5,2213316,0.6338028,1558.673,Regular
2024-11-06D00:30:33.686162297,ETHUSD,Buy,5,2459.24,ZeroPlusTick,00000000-006d-1000-0000-000d7e8f8ed9,1229620,0.3521127,865.9296,Regular
2024-11-06D00:30:33.775054724,ETHUSD,Buy,1,2460,PlusTick,00000000-006d-1000-0000-000d7e8f901d,246000,0.07042254,173.2394,Regular
2024-11-06D00:30:34.645751155,ETHUSD,Buy,14,2460,ZeroPlusTick,00000000-006d-1000-0000-000d7e8f9a1b,3444000,0.9859155,2425.352,Regular
2024-11-06D00:30:34.647080147,ETHUSD,Buy,4,2460,ZeroPlusTick,00000000-006d-1000-0000-000d7e8f9a1f,984000,0.2816901,692.9577,Regular
2024-11-06D00:30:34.647208035,ETHUSD,Buy,3,2460,ZeroPlusTick,00000000-006d-1000-0000-000d7e8f9a23,738000,0.2112676,519.7183,Regular
2024-11-06D00:30:34.647783347,ETHUSD,Buy,1,2460,ZeroPlusTick,00000000-006d-1000-0000-000d7e8f9a28,246000,0.07042254,173.2394,Regular
2024-11-06D00:30:34.649112533,ETHUSD,Buy,1,2460,ZeroPlusTick,00000000-006d-1000-0000-000d7e8f9a32,246000,0.07042254,173.2394,Regular
2024-11-06D00:30:34.649793176,ETHUSD,Buy,1,2459.99,MinusTick,00000000-006d-1000-0000-000d7e8f9a41,245999,0.07042254,173.2387,Regular
2024-11-06D00:30:34.650569261,ETHUSD,Buy,1,2460,PlusTick,00000000-006d-1000-0000-000d7e8f9a4c,246000,0.07042254,173.2394,Regular
2024-11-06D00:30:34.651601079,ETHUSD,Buy,26,2460,ZeroPlusTick,00000000-006d-1000-0000-000d7e8f9a5a,6396000,1.830986,4504.225,Regular
2024-11-06D00:30:34.667930382,ETHUSD,Buy,282,2460,ZeroPlusTick,00000000-006d-1000-0000-000d7e8f9b0d,69372000,19.85915,48853.52,Regular
2024-11-06D00:30:34.688579508,ETHUSD,Buy,2,2460.11,PlusTick,00000000-006d-1000-0000-000d7e8f9bcd,492022,0.1408451,346.4944,Regular
2024-11-06D00:30:34.688579508,ETHUSD,Buy,3,2460.12,PlusTick,00000000-006d-1000-0000-000d7e8f9bd0,738036,0.2112676,519.7437,Regular
2024-11-06D00:30:34.818255955,ETHUSD,Buy,1,2460.4,PlusTick,00000000-006d-1000-0000-000d7e8f9dd4,246040,0.07042254,173.2676,Regular
2024-11-06D00:30:34.942200607,ETHUSD,Buy,18,2460.98,PlusTick,00000000-006d-1000-0000-000d7e8fa2b3,4429764,1.267606,3119.552,Regular
2024-11-06D00:30:34.944339453,ETHUSD,Buy,5,2460.98,ZeroPlusTick,00000000-006d-1000-0000-000d7e8fa2cc,1230490,0.3521127,866.5423,Regular
2024-11-06D00:30:34.944522062,ETHUSD,Buy,7,2460.98,ZeroPlusTick,00000000-006d-1000-0000-000d7e8fa2d3,1722686,0.4929577,1213.159,Regular
2024-11-06D00:30:34.944944511,ETHUSD,Buy,3,2460.98,ZeroPlusTick,00000000-006d-1000-0000-000d7e8fa2e3,738294,0.2112676,519.9254,Regular
2024-11-06D00:30:34.948155495,ETHUSD,Buy,1,2461.14,PlusTick,00000000-006d-1000-0000-000d7e8fa31a,246114,0.07042254,173.3197,Regular
2024-11-06D00:30:34.948155495,ETHUSD,Buy,2,2461.22,PlusTick,00000000-006d-1000-0000-000d7e8fa31d,492244,0.1408451,346.6507,Regular
2024-11-06D00:30:34.949158477,ETHUSD,Buy,6,2461.44,PlusTick,00000000-006d-1000-0000-000d7e8fa340,1476864,0.4225352,1040.045,Regular
2024-11-06D00:30:34.949158477,ETHUSD,Buy,6,2461.44,ZeroPlusTick,00000000-006d-1000-0000-000d7e8fa344,1476864,0.4225352,1040.045,Regular
2024-11-06D00:30:34.949158477,ETHUSD,Buy,2,2461.44,ZeroPlusTick,00000000-006d-1000-0000-000d7e8fa348,492288,0.1408451,346.6817,Regular
2024-11-06D00:30:34.949158477,ETHUSD,Buy,1,2461.76,PlusTick,00000000-006d-1000-0000-000d7e8fa34b,246176,0.07042254,173.3634,Regular
2024-11-06D00:30:34.949158477,ETHUSD,Buy,3,2461.94,PlusTick,00000000-006d-1000-0000-000d7e8fa34e,738582,0.2112676,520.1282,Regular
2024-11-06D00:30:41.933475281,ETHUSD,Sell,1,2460.29,MinusTick,00000000-006d-1000-0000-000d7e900f12,246029,0.07042254,173.2599,Regular
2024-11-06D00:30:42.218606994,ETHUSD,Sell,6,2459.98,MinusTick,00000000-006d-1000-0000-000d7e901950,1475988,0.4225352,1039.428,Regular
2024-11-06D00:30:42.222967950,ETHUSD,Sell,14,2459.97,MinusTick,00000000-006d-1000-0000-000d7e901963,3443958,0.9859155,2425.323,Regular
2024-11-06D00:30:42.404264463,ETHUSD,Sell,6,2459.32,MinusTick,00000000-006d-1000-0000-000d7e901f5b,1475592,0.4225352,1039.149,Regular
2024-11-06D00:30:57.283839351,ETHUSD,Buy,14,2460.58,PlusTick,00000000-006d-1000-0000-000d7e90db96,3444812,0.9859155,2425.924,Regular
2024-11-06D00:31:15.638012926,ETHUSD,Buy,5,2461.5,PlusTick,00000000-006d-1000-0000-000d7e91e8f2,1230750,0.3523608,867.3362,Regular
2024-11-06D00:31:15.672057094,ETHUSD,Buy,5,2461.5,ZeroPlusTick,00000000-006d-1000-0000-000d7e91e9e3,1230750,0.3523608,867.3362,Regular
2024-11-06D00:31:16.028254327,ETHUSD,Buy,242,2462.25,PlusTick,00000000-006d-1000-0000-000d7e91f16e,59586450,17.05426,41991.86,Regular
2024-11-06D00:31:16.030703040,ETHUSD,Buy,91,2462.25,ZeroPlusTick,00000000-006d-1000-0000-000d7e91f19a,22406475,6.412967,15790.33,Regular
2024-11-06D00:31:16.030703040,ETHUSD,Buy,5,2462.25,ZeroPlusTick,00000000-006d-1000-0000-000d7e91f19d,1231125,0.3523608,867.6004,Regular
2024-11-06D00:31:16.030703040,ETHUSD,Buy,14,2462.27,PlusTick,00000000-006d-1000-0000-000d7e91f1a0,3447178,0.9866103,2429.301,Regular
2024-11-06D00:31:16.156363119,ETHUSD,Buy,5,2462.55,PlusTick,00000000-006d-1000-0000-000d7e91f673,1231275,0.3523608,867.7061,Regular
2024-11-06D00:31:16.197408535,ETHUSD,Buy,3,2462.64,PlusTick,00000000-006d-1000-0000-000d7e91f77b,738792,0.2114165,520.6427,Regular
2024-11-06D00:31:16.212015845,ETHUSD,Buy,5,2462.55,MinusTick,00000000-006d-1000-0000-000d7e91f7c4,1231275,0.3523608,867.7061,Regular
2024-11-06D00:31:31.666030064,ETHUSD,Buy,3,2463.43,PlusTick,00000000-006d-1000-0000-000d7e92a556,739029,0.2115656,521.177,Regular
2024-11-06D00:31:36.978495019,ETHUSD,Buy,8,2464.13,PlusTick,00000000-006d-1000-0000-000d7e92f989,1971304,0.5641749,1390.2,Regular
2024-11-06D00:31:36.978676301,ETHUSD,Buy,10,2464.13,ZeroPlusTick,00000000-006d-1000-0000-000d7e92f98f,2464130,0.7052186,1737.75,Regular
2024-11-06D00:31:36.993607486,ETHUSD,Buy,20,2464.25,PlusTick,00000000-006d-1000-0000-000d7e92fad1,4928500,1.410437,3475.67,Regular
2024-11-06D00:31:38.120214417,ETHUSD,Buy,14,2464.52,PlusTick,00000000-006d-1000-0000-000d7e930d6d,3450328,0.9873061,2433.236,Regular
2024-11-06D00:31:46.217028434,ETHUSD,Sell,63,2464.68,PlusTick,00000000-006d-1000-0000-000d7e938787,15527484,4.442877,10950.27,Regular
2024-11-06D00:31:47.351915886,ETHUSD,Buy,9,2465.08,PlusTick,00000000-006d-1000-0000-000d7e939a0a,2218572,0.6346968,1564.578,Regular
2024-11-06D00:31:47.371720840,ETHUSD,Buy,50,2465.42,PlusTick,00000000-006d-1000-0000-000d7e939b7b,12327100,3.526093,8693.3,Regular
2024-11-06D00:31:52.897427467,ETHUSD,Buy,5,2465.79,PlusTick,00000000-006d-1000-0000-000d7e93fa02,1232895,0.3526093,869.4605,Regular
2024-11-06D00:31:52.898782415,ETHUSD,Buy,95,2465.79,ZeroPlusTick,00000000-006d-1000-0000-000d7e93fa0d,23425005,6.699577,16519.75,Regular
2024-11-06D00:31:52.902293214,ETHUSD,Buy,14,2465.83,PlusTick,00000000-006d-1000-0000-000d7e93fa2a,3452162,0.9873061,2434.529,Regular
2024-11-06D00:31:53.352121913,ETHUSD,Buy,19,2466,PlusTick,00000000-006d-1000-0000-000d7e9401c4,4685400,1.339915,3304.231,Regular
2024-11-06D00:31:53.352278489,ETHUSD,Buy,14,2466,ZeroPlusTick,00000000-006d-1000-0000-000d7e9401c9,3452400,0.9873061,2434.697,Regular
2024-11-06D00:31:59.035310208,ETHUSD,Buy,11,2466.49,PlusTick,00000000-006d-1000-0000-000d7e944bf3,2713139,0.7757405,1913.356,Regular
2024-11-06D00:31:59.035475067,ETHUSD,Buy,26,2466.49,ZeroPlusTick,00000000-006d-1000-0000-000d7e944bf8,6412874,1.833568,4522.478,Regular
2024-11-06D00:31:59.035664252,ETHUSD,Buy,72,2466.49,ZeroPlusTick,00000000-006d-1000-0000-000d7e944bff,17758728,5.077574,12523.79,Regular
2024-11-06D00:31:59.035921420,ETHUSD,Buy,26,2466.49,ZeroPlusTick,00000000-006d-1000-0000-000d7e944c08,6412874,1.833568,4522.478,Regular
2024-11-06D00:31:59.036105470,ETHUSD,Buy,36,2466.49,ZeroPlusTick,00000000-006d-1000-0000-000d7e944c10,8879364,2.538787,6261.893,Regular
2024-11-06D00:31:59.036105470,ETHUSD,Buy,333,2466.5,PlusTick,00000000-006d-1000-0000-000d7e944c13,82134450,23.48378,57922.74,Regular
2024-11-06D00:32:24.873438691,ETHUSD,Sell,2,2465.45,MinusTick,00000000-006d-1000-0000-000d7e95a9c6,493090,0.1414427,348.7199,Regular
2024-11-06D00:32:24.873438691,ETHUSD,Sell,8,2465.45,ZeroMinusTick,00000000-006d-1000-0000-000d7e95a9c9,1972360,0.5657709,1394.88,Regular
2024-11-06D00:32:25.929777565,ETHUSD,Sell,14,2464.03,MinusTick,00000000-006d-1000-0000-000d7e95be36,3449642,0.990099,2439.634,Regular
2024-11-06D00:32:32.274862886,ETHUSD,Buy,3,2464.97,PlusTick,00000000-006d-1000-0000-000d7e961342,739491,0.2120141,522.6085,Regular
2024-11-06D00:32:32.991111225,ETHUSD,Buy,12,2465.11,PlusTick,00000000-006d-1000-0000-000d7e961f40,2958132,0.8480565,2090.553,Regular
2024-11-06D00:32:32.991904169,ETHUSD,Buy,2,2465.11,ZeroPlusTick,00000000-006d-1000-0000-000d7e961f47,493022,0.1413428,348.4254,Regular
2024-11-06D00:32:39.501335814,ETHUSD,Sell,1,2464.77,MinusTick,00000000-006d-1000-0000-000d7e9671b3,246477,0.07067138,174.1887,Regular
2024-11-06D00:32:39.670086624,ETHUSD,Sell,3,2464.08,MinusTick,00000000-006d-1000-0000-000d7e967904,739224,0.2120141,522.4198,Regular
2024-11-06D00:32:39.670210282,ETHUSD,Sell,6,2464.08,ZeroMinusTick,00000000-006d-1000-0000-000d7e967908,1478448,0.4240283,1044.84,Regular
2024-11-06D00:32:39.671136160,ETHUSD,Sell,5,2464.08,ZeroMinusTick,00000000-006d-1000-0000-000d7e96790f,1232040,0.3533569,870.6996,Regular
2024-11-06D00:32:41.322730062,ETHUSD,Sell,6,2462.11,MinusTick,00000000-006d-1000-0000-000d7e96a4bb,1477266,0.4240283,1044.004,Regular
2024-11-06D00:32:41.322876969,ETHUSD,Sell,8,2462.11,ZeroMinusTick,00000000-006d-1000-0000-000d7e96a4c0,1969688,0.565371,1392.006,Regular
2024-11-06D00:32:50.297860669,ETHUSD,Buy,7,2462.77,PlusTick,00000000-006d-1000-0000-000d7e972ece,1723939,0.4946996,1218.331,Regular
2024-11-06D00:32:50.298595638,ETHUSD,Buy,3,2462.77,ZeroPlusTick,00000000-006d-1000-0000-000d7e972ed3,738831,0.2120141,522.142,Regular
2024-11-06D00:32:50.298685119,ETHUSD,Buy,1,2462.77,ZeroPlusTick,00000000-006d-1000-0000-000d7e972ed7,246277,0.07067138,174.0473,Regular
2024-11-06D00:32:50.298766666,ETHUSD,Buy,3,2462.77,ZeroPlusTick,00000000-006d-1000-0000-000d7e972edb,738831,0.2120141,522.142,Regular
2024-11-06D00:32:50.690117722,ETHUSD,Sell,7,2462.39,MinusTick,00000000-006d-1000-0000-000d7e973525,1723673,0.4946996,1218.143,Regular
2024-11-06D00:32:50.690263754,ETHUSD,Sell,7,2462.39,ZeroMinusTick,00000000-006d-1000-0000-000d7e973529,1723673,0.4946996,1218.143,Regular
2024-11-06D00:32:50.691403421,ETHUSD,Sell,9,2462.39,ZeroMinusTick,00000000-006d-1000-0000-000d7e973538,2216151,0.6360424,1566.184,Regular
2024-11-06D00:32:50.691600625,ETHUSD,Sell,3,2462.39,ZeroMinusTick,00000000-006d-1000-0000-000d7e97353f,738717,0.2120141,522.0615,Regular
2024-11-06D00:33:06.222387473,ETHUSD,Sell,2,2463.65,PlusTick,00000000-006d-1000-0000-000d7e97f032,492730,0.1412429,347.9732,Regular
2024-11-06D00:33:11.882509431,ETHUSD,Sell,14,2461.74,MinusTick,00000000-006d-1000-0000-000d7e984ee6,3446436,0.9887006,2433.924,Regular
2024-11-06D00:33:12.324876792,ETHUSD,Sell,26,2460.82,MinusTick,00000000-006d-1000-0000-000d7e9856f0,6398132,1.836158,4518.455,Regular
2024-11-06D00:33:12.324876792,ETHUSD,Sell,11,2460.79,MinusTick,00000000-006d-1000-0000-000d7e9856f3,2706869,0.7768362,1911.631,Regular
2024-11-06D00:33:12.324876792,ETHUSD,Sell,26,2460.78,MinusTick,00000000-006d-1000-0000-000d7e9856f6,6398028,1.836158,4518.381,Regular
2024-11-06D00:33:12.324876792,ETHUSD,Sell,12,2460.72,MinusTick,00000000-006d-1000-0000-000d7e9856f9,2952864,0.8474576,2085.356,Regular
2024-11-06D00:33:14.254916107,ETHUSD,Buy,1,2461.77,PlusTick,00000000-006d-1000-0000-000d7e987250,246177,0.07062147,173.8538,Regular
2024-11-06D00:33:15.776697858,ETHUSD,Sell,10,2460.72,MinusTick,00000000-006d-1000-0000-000d7e988841,2460720,0.7062147,1737.797,Regular
2024-11-06D00:33:15.780751160,ETHUSD,Sell,24,2460.72,ZeroMinusTick,00000000-006d-1000-0000-000d7e988851,5905728,1.694915,4170.712,Regular
2024-11-06D00:33:15.780751160,ETHUSD,Sell,100,2460.71,MinusTick,00000000-006d-1000-0000-000d7e988854,24607100,7.062147,17377.9,Regular
2024-11-06D00:33:16.727395052,ETHUSD,Sell,14,2460.32,MinusTick,00000000-006d-1000-0000-000d7e9898df,3444448,0.9887006,2432.52,Regular
2024-11-06D00:33:20.088940775,ETHUSD,Buy,1,2459.84,MinusTick,00000000-006d-1000-0000-000d7e98d2b4,245984,0.07062147,173.7175,Regular
2024-11-06D00:33:20.777476506,ETHUSD,Sell,14,2459.28,MinusTick,00000000-006d-1000-0000-000d7e98dc9c,3442992,0.9887006,2431.492,Regular
2024-11-06D00:33:24.140548181,ETHUSD,Sell,2,2457.96,MinusTick,00000000-006d-1000-0000-000d7e990c81,491592,0.1412429,347.1695,Regular
2024-11-06D00:33:24.140548181,ETHUSD,Sell,4,2457.86,MinusTick,00000000-006d-1000-0000-000d7e990c84,983144,0.2824859,694.3107,Regular
2024-11-06D00:33:30.159810770,ETHUSD,Buy,33,2459.78,PlusTick,00000000-006d-1000-0000-000d7e9955fc,8117274,2.327221,5724.453,Regular
2024-11-06D00:33:32.314392520,ETHUSD,Buy,33,2459.83,PlusTick,00000000-006d-1000-0000-000d7e996d59,8117439,2.327221,5724.569,Regular
2024-11-06D00:33:32.314392520,ETHUSD,Buy,33,2459.83,ZeroPlusTick,00000000-006d-1000-0000-000d7e996d5c,8117439,2.327221,5724.569,Regular
2024-11-06D00:33:32.454351517,ETHUSD,Buy,14,2460.24,PlusTick,00000000-006d-1000-0000-000d7e997222,3444336,0.9873061,2429.01,Regular
2024-11-06D00:33:32.454351517,ETHUSD,Buy,33,2460.28,PlusTick,00000000-006d-1000-0000-000d7e997225,8118924,2.327221,5725.616,Regular
2024-11-06D00:33:38.212733647,ETHUSD,Buy,14,2461.76,PlusTick,00000000-006d-1000-0000-000d7e99c823,3446464,0.9873061,2430.511,Regular
2024-11-06D00:33:43.945322233,ETHUSD,Buy,33,2462.28,PlusTick,00000000-006d-1000-0000-000d7e9a131a,8125524,2.327221,5730.271,Regular
2024-11-06D00:33:46.139256447,ETHUSD,Buy,14,2462.93,PlusTick,00000000-006d-1000-0000-000d7e9a3185,3448102,0.9873061,2431.666,Regular
2024-11-06D00:33:47.564314538,ETHUSD,Buy,1,2463.53,PlusTick,00000000-006d-1000-0000-000d7e9a4302,246353,0.07052186,173.7327,Regular
2024-11-06D00:33:47.564832033,ETHUSD,Buy,1,2463.53,ZeroPlusTick,00000000-006d-1000-0000-000d7e9a4309,246353,0.07052186,173.7327,Regular
2024-11-06D00:33:47.581710010,ETHUSD,Buy,26,2463.53,ZeroPlusTick,00000000-006d-1000-0000-000d7e9a437f,6405178,1.833568,4517.051,Regular
2024-11-06D00:33:47.586038959,ETHUSD,Buy,3,2463.53,ZeroPlusTick,00000000-006d-1000-0000-000d7e9a43a5,739059,0.2115656,521.1982,Regular
2024-11-06D00:33:47.586434734,ETHUSD,Buy,2,2463.53,ZeroPlusTick,00000000-006d-1000-0000-000d7e9a43ad,492706,0.1410437,347.4654,Regular
2024-11-06D00:33:50.409774497,ETHUSD,Buy,5,2464.26,PlusTick,00000000-006d-1000-0000-000d7e9a7292,1232130,0.3526093,868.921,Regular
2024-11-06D00:33:50.409913878,ETHUSD,Buy,5,2464.26,ZeroPlusTick,00000000-006d-1000-0000-000d7e9a7296,1232130,0.3526093,868.921,Regular
2024-11-06D00:33:50.411143691,ETHUSD,Buy,4,2464.26,ZeroPlusTick,00000000-006d-1000-0000-000d7e9a729c,985704,0.2820874,695.1368,Regular
2024-11-06D00:33:52.312822903,ETHUSD,Buy,24,2464.78,PlusTick,00000000-006d-1000-0000-000d7e9a8779,5915472,1.692525,4171.701,Regular
2024-11-06D00:33:52.315487845,ETHUSD,Buy,9,2464.78,ZeroPlusTick,00000000-006d-1000-0000-000d7e9a8795,2218302,0.6346968,1564.388,Regular
2024-11-06D00:33:54.327156949,ETHUSD,Buy,33,2465.28,PlusTick,00000000-006d-1000-0000-000d7e9aa384,8135424,2.327221,5737.252,Regular
2024-11-06D00:33:54.327156949,ETHUSD,Buy,9,2465.28,ZeroPlusTick,00000000-006d-1000-0000-000d7e9aa387,2218752,0.6346968,1564.705,Regular
2024-11-06D00:34:01.845572515,ETHUSD,Buy,14,2465.76,PlusTick,00000000-006d-1000-0000-000d7e9b1636,3452064,0.990099,2441.347,Regular
2024-11-06D00:34:02.438131660,ETHUSD,Buy,33,2466.29,PlusTick,00000000-006d-1000-0000-000d7e9b295d,8138757,2.333805,5755.839,Regular
2024-11-06D00:34:02.438131660,ETHUSD,Buy,5,2466.29,ZeroPlusTick,00000000-006d-1000-0000-000d7e9b2960,1233145,0.3536068,872.0969,Regular
2024-11-06D00:34:02.482729344,ETHUSD,Buy,24,2466.29,ZeroPlusTick,00000000-006d-1000-0000-000d7e9b29fa,5919096,1.697313,4186.065,Regular
2024-11-06D00:34:02.483996125,ETHUSD,Buy,1,2466.29,ZeroPlusTick,00000000-006d-1000-0000-000d7e9b2a05,246629,0.07072136,174.4194,Regular
2024-11-06D00:34:02.484713337,ETHUSD,Buy,2,2466.29,ZeroPlusTick,00000000-006d-1000-0000-000d7e9b2a0a,493258,0.1414427,348.8388,Regular
2024-11-06D00:34:14.252121368,ETHUSD,Buy,2,2465.9,MinusTick,00000000-006d-1000-0000-000d7e9bcd06,493180,0.1414427,348.7836,Regular
2024-11-06D00:34:20.091666033,ETHUSD,Buy,2,2466.26,PlusTick,00000000-006d-1000-0000-000d7e9c0f86,493252,0.1414427,348.8345,Regular
2024-11-06D00:34:20.692711692,ETHUSD,Buy,9,2466.27,PlusTick,00000000-006d-1000-0000-000d7e9c175e,2219643,0.6364922,1569.762,Regular
2024-11-06D00:34:20.692883727,ETHUSD,Buy,11,2466.27,ZeroPlusTick,00000000-006d-1000-0000-000d7e9c1763,2712897,0.7779349,1918.598,Regular
2024-11-06D00:34:20.693637618,ETHUSD,Buy,6,2466.27,ZeroPlusTick,00000000-006d-1000-0000-000d7e9c176a,1479762,0.4243281,1046.508,Regular
2024-11-06D00:34:20.693637618,ETHUSD,Buy,1,2466.29,PlusTick,00000000-006d-1000-0000-000d7e9c176d,246629,0.07072136,174.4194,Regular
2024-11-06D00:34:20.693637618,ETHUSD,Buy,33,2466.29,ZeroPlusTick,00000000-006d-1000-0000-000d7e9c1770,8138757,2.333805,5755.839,Regular
2024-11-06D00:34:20.693637618,ETHUSD,Buy,33,2466.29,ZeroPlusTick,00000000-006d-1000-0000-000d7e9c1773,8138757,2.333805,5755.839,Regular
2024-11-06D00:34:20.693637618,ETHUSD,Buy,33,2466.29,ZeroPlusTick,00000000-006d-1000-0000-000d7e9c1776,8138757,2.333805,5755.839,Regular
2024-11-06D00:34:20.693637618,ETHUSD,Buy,33,2466.31,PlusTick,00000000-006d-1000-0000-000d7e9c1779,8138823,2.333805,5755.886,Regular
2024-11-06D00:34:20.693637618,ETHUSD,Buy,33,2466.32,PlusTick,00000000-006d-1000-0000-000d7e9c177c,8138856,2.333805,5755.909,Regular
2024-11-06D00:34:30.079807115,ETHUSD,Buy,1,2466.26,MinusTick,00000000-006d-1000-0000-000d7e9c8aba,246626,0.07072136,174.4173,Regular
2024-11-06D00:34:46.145345599,ETHUSD,Buy,14,2467.12,PlusTick,00000000-006d-1000-0000-000d7e9d41e4,3453968,0.990099,2442.693,Regular
2024-11-06D00:34:46.147410183,ETHUSD,Buy,33,2467.25,PlusTick,00000000-006d-1000-0000-000d7e9d4232,8141925,2.333805,5758.08,Regular
2024-11-06D00:34:49.656520844,ETHUSD,Sell,1,2467.32,PlusTick,00000000-006d-1000-0000-000d7e9d711a,246732,0.07072136,174.4922,Regular
2024-11-06D00:34:50.882204206,ETHUSD,Sell,14,2466.25,MinusTick,00000000-006d-1000-0000-000d7e9d7d12,3452750,0.990099,2441.832,Regular
2024-11-06D00:34:57.431052597,ETHUSD,Buy,14,2466.93,PlusTick,00000000-006d-1000-0000-000d7e9dd9e5,3453702,0.990099,2442.505,Regular
2024-11-06D00:35:01.361302402,ETHUSD,Sell,14,2465.9,MinusTick,00000000-006d-1000-0000-000d7e9e162f,3452260,0.9907997,2443.213,Regular
2024-11-06D00:35:03.662957690,ETHUSD,Buy,26,2464.32,MinusTick,00000000-006d-1000-0000-000d7e9e4acd,6407232,1.840057,4534.488,Regular
2024-11-06D00:35:14.242607760,ETHUSD,Buy,2,2465.66,PlusTick,00000000-006d-1000-0000-000d7e9ecb88,493132,0.1415428,348.9965,Regular
2024-11-06D00:35:20.022612850,ETHUSD,Buy,5,2466.54,PlusTick,00000000-006d-1000-0000-000d7e9f144a,1233270,0.353857,872.8025,Regular
2024-11-06D00:35:20.027282256,ETHUSD,Buy,9,2466.54,ZeroPlusTick,00000000-006d-1000-0000-000d7e9f148b,2219886,0.6369427,1571.045,Regular
2024-11-06D00:35:20.168685704,ETHUSD,Buy,2,2467.56,PlusTick,00000000-006d-1000-0000-000d7e9f17f4,493512,0.1415428,349.2654,Regular
2024-11-06D00:35:20.168685704,ETHUSD,Buy,1,2467.57,PlusTick,00000000-006d-1000-0000-000d7e9f17f7,246757,0.07077141,174.6334,Regular
2024-11-06D00:35:32.001261864,ETHUSD,Buy,6,2468.5,PlusTick,00000000-006d-1000-0000-000d7e9fbd88,1481100,0.4249292,1048.938,Regular
2024-11-06D00:35:32.006427549,ETHUSD,Buy,6,2468.5,ZeroPlusTick,00000000-006d-1000-0000-000d7e9fbdf7,1481100,0.4249292,1048.938,Regular
2024-11-06D00:35:32.009235133,ETHUSD,Buy,6,2468.5,ZeroPlusTick,00000000-006d-1000-0000-000d7e9fbe08,1481100,0.4249292,1048.938,Regular
2024-11-06D00:35:32.030915406,ETHUSD,Buy,15,2468.5,ZeroPlusTick,00000000-006d-1000-0000-000d7e9fbfc5,3702750,1.062323,2622.344,Regular
2024-11-06D00:35:32.030915406,ETHUSD,Buy,3,2468.58,PlusTick,00000000-006d-1000-0000-000d7e9fbfc8,740574,0.2124646,524.4858,Regular
2024-11-06D00:35:32.033579562,ETHUSD,Buy,4,2468.58,ZeroPlusTick,00000000-006d-1000-0000-000d7e9fc018,987432,0.2832861,699.3144,Regular
2024-11-06D00:35:32.034241089,ETHUSD,Buy,4,2468.58,ZeroPlusTick,00000000-006d-1000-0000-000d7e9fc02c,987432,0.2832861,699.3144,Regular
2024-11-06D00:35:32.035183694,ETHUSD,Buy,3,2468.58,ZeroPlusTick,00000000-006d-1000-0000-000d7e9fc041,740574,0.2124646,524.4858,Regular
2024-11-06D00:35:32.054709894,ETHUSD,Buy,59,2468.93,PlusTick,00000000-006d-1000-0000-000d7e9fc164,14566687,4.17847,10316.35,Regular
2024-11-06D00:35:32.498584279,ETHUSD,Buy,2,2468.92,MinusTick,00000000-006d-1000-0000-000d7e9fd0ee,493784,0.1416431,349.7054,Regular
2024-11-06D00:35:32.498584279,ETHUSD,Buy,43,2468.93,PlusTick,00000000-006d-1000-0000-000d7e9fd0f1,10616399,3.045326,7518.696,Regular
2024-11-06D00:35:33.448778938,ETHUSD,Buy,16,2468.93,ZeroPlusTick,00000000-006d-1000-0000-000d7e9fe3fd,3950288,1.133144,2797.654,Regular
2024-11-06D00:35:33.449353285,ETHUSD,Buy,2,2468.93,ZeroPlusTick,00000000-006d-1000-0000-000d7e9fe404,493786,0.1416431,349.7068,Regular
2024-11-06D00:35:33.449717525,ETHUSD,Buy,141,2468.93,ZeroPlusTick,00000000-006d-1000-0000-000d7e9fe408,34811913,9.985836,24654.33,Regular
2024-11-06D00:35:33.449975119,ETHUSD,Buy,72,2468.93,ZeroPlusTick,00000000-006d-1000-0000-000d7e9fe40e,17776296,5.09915,12589.44,Regular
2024-11-06D00:35:33.449975119,ETHUSD,Buy,10,2468.93,ZeroPlusTick,00000000-006d-1000-0000-000d7e9fe411,2468930,0.7082153,1748.534,Regular
2024-11-06D00:35:33.450548258,ETHUSD,Buy,1,2468.93,ZeroPlusTick,00000000-006d-1000-0000-000d7e9fe417,246893,0.07082153,174.8534,Regular
2024-11-06D00:35:33.450628544,ETHUSD,Buy,4,2468.93,ZeroPlusTick,00000000-006d-1000-0000-000d7e9fe41b,987572,0.2832861,699.4136,Regular
2024-11-06D00:35:33.450764385,ETHUSD,Buy,3,2468.93,ZeroPlusTick,00000000-006d-1000-0000-000d7e9fe421,740679,0.2124646,524.5602,Regular
2024-11-06D00:35:33.450891714,ETHUSD,Buy,10,2468.93,ZeroPlusTick,00000000-006d-1000-0000-000d7e9fe427,2468930,0.7082153,1748.534,Regular
2024-11-06D00:35:33.450972509,ETHUSD,Buy,2,2468.93,ZeroPlusTick,00000000-006d-1000-0000-000d7e9fe42b,493786,0.1416431,349.7068,Regular
2024-11-06D00:35:33.451112847,ETHUSD,Buy,387,2468.93,ZeroPlusTick,00000000-006d-1000-0000-000d7e9fe42f,95547591,27.40793,67668.27,Regular
2024-11-06D00:35:33.451269218,ETHUSD,Buy,2,2468.93,ZeroPlusTick,00000000-006d-1000-0000-000d7e9fe435,493786,0.1416431,349.7068,Regular
2024-11-06D00:35:33.451349366,ETHUSD,Buy,2,2468.93,ZeroPlusTick,00000000-006d-1000-0000-000d7e9fe439,493786,0.1416431,349.7068,Regular
2024-11-06D00:35:33.451430813,ETHUSD,Buy,4,2468.93,ZeroPlusTick,00000000-006d-1000-0000-000d7e9fe43d,987572,0.2832861,699.4136,Regular
2024-11-06D00:35:33.451572584,ETHUSD,Buy,4,2468.93,ZeroPlusTick,00000000-006d-1000-0000-000d7e9fe443,987572,0.2832861,699.4136,Regular
2024-11-06D00:35:33.452155788,ETHUSD,Buy,4,2468.93,ZeroPlusTick,00000000-006d-1000-0000-000d7e9fe448,987572,0.2832861,699.4136,Regular
2024-11-06D00:35:38.475313307,ETHUSD,Buy,39,2468.92,MinusTick,00000000-006d-1000-0000-000d7ea0320d,9628788,2.76204,6819.255,Regular
2024-11-06D00:35:39.392260708,ETHUSD,Buy,40,2468.93,PlusTick,00000000-006d-1000-0000-000d7ea03d16,9875720,2.832861,6994.136,Regular
2024-11-06D00:35:39.402668114,ETHUSD,Buy,26,2468.93,ZeroPlusTick,00000000-006d-1000-0000-000d7ea03d87,6419218,1.84136,4546.188,Regular
2024-11-06D00:35:39.403565549,ETHUSD,Buy,26,2468.93,ZeroPlusTick,00000000-006d-1000-0000-000d7ea03da1,6419218,1.84136,4546.188,Regular
2024-11-06D00:35:39.406888455,ETHUSD,Buy,17,2468.93,ZeroPlusTick,00000000-006d-1000-0000-000d7ea03dd5,4197181,1.203966,2972.508,Regular
2024-11-06D00:35:39.413614072,ETHUSD,Buy,24,2468.93,ZeroPlusTick,00000000-006d-1000-0000-000d7ea03e18,5925432,1.699717,4196.482,Regular
2024-11-06D00:35:41.868790382,ETHUSD,Buy,24,2469.61,PlusTick,00000000-006d-1000-0000-000d7ea065b9,5927064,1.699717,4197.637,Regular
2024-11-06D00:35:41.869415652,ETHUSD,Buy,36,2469.61,ZeroPlusTick,00000000-006d-1000-0000-000d7ea065c4,8890596,2.549575,6296.456,Regular
2024-11-06D00:35:41.872373569,ETHUSD,Buy,14,2469.61,ZeroPlusTick,00000000-006d-1000-0000-000d7ea065db,3457454,0.9915014,2448.622,Regular
2024-11-06D00:35:41.873514513,ETHUSD,Buy,28,2469.6,MinusTick,00000000-006d-1000-0000-000d7ea065eb,6914880,1.983003,4897.224,Regular
2024-11-06D00:35:41.873683435,ETHUSD,Buy,29,2469.6,ZeroMinusTick,00000000-006d-1000-0000-000d7ea065f1,7161840,2.053824,5072.125,Regular
2024-11-06D00:35:41.873683435,ETHUSD,Buy,18,2469.61,PlusTick,00000000-006d-1000-0000-000d7ea065f4,4445298,1.274788,3148.228,Regular
2024-11-06D00:35:41.877309740,ETHUSD,Buy,2,2469.61,ZeroPlusTick,00000000-006d-1000-0000-000d7ea06620,493922,0.1416431,349.8031,Regular
2024-11-06D00:35:41.881443556,ETHUSD,Buy,14,2469.61,ZeroPlusTick,00000000-006d-1000-0000-000d7ea06645,3457454,0.9915014,2448.622,Regular
2024-11-06D00:35:41.882245188,ETHUSD,Buy,2,2469.61,ZeroPlusTick,00000000-006d-1000-0000-000d7ea0664c,493922,0.1416431,349.8031,Regular
2024-11-06D00:35:41.886457575,ETHUSD,Buy,2,2469.61,ZeroPlusTick,00000000-006d-1000-0000-000d7ea06668,493922,0.1416431,349.8031,Regular
2024-11-06D00:35:41.886587196,ETHUSD,Buy,2,2469.61,ZeroPlusTick,00000000-006d-1000-0000-000d7ea0666c,493922,0.1416431,349.8031,Regular
2024-11-06D00:35:41.886671135,ETHUSD,Buy,6,2469.61,ZeroPlusTick,00000000-006d-1000-0000-000d7ea06670,1481766,0.4249292,1049.409,Regular
2024-11-06D00:35:41.886761186,ETHUSD,Buy,10,2469.61,ZeroPlusTick,00000000-006d-1000-0000-000d7ea06674,2469610,0.7082153,1749.016,Regular
2024-11-06D00:35:41.887762181,ETHUSD,Buy,3,2469.61,ZeroPlusTick,00000000-006d-1000-0000-000d7ea0667c,740883,0.2124646,524.7047,Regular
2024-11-06D00:35:42.338799418,ETHUSD,Buy,3,2469.99,PlusTick,00000000-006d-1000-0000-000d7ea06d2d,740997,0.2124646,524.7854,Regular
2024-11-06D00:35:42.338799418,ETHUSD,Buy,21,2469.99,ZeroPlusTick,00000000-006d-1000-0000-000d7ea06d30,5186979,1.487252,3673.498,Regular
2024-11-06D00:35:42.338799418,ETHUSD,Buy,33,2470,PlusTick,00000000-006d-1000-0000-000d7ea06d33,8151000,2.33711,5772.663,Regular
2024-11-06D00:35:42.338799418,ETHUSD,Buy,13,2470.1,PlusTick,00000000-006d-1000-0000-000d7ea06d36,3211130,0.9206799,2274.171,Regular
2024-11-06D00:35:42.338799418,ETHUSD,Buy,5,2470.11,PlusTick,00000000-006d-1000-0000-000d7ea06d39,1235055,0.3541076,874.6848,Regular
2024-11-06D00:35:49.258484735,ETHUSD,Sell,5,2469.53,MinusTick,00000000-006d-1000-0000-000d7ea0bd4d,1234765,0.3541076,874.4795,Regular
2024-11-06D00:35:49.258484735,ETHUSD,Sell,2,2469.53,ZeroMinusTick,00000000-006d-1000-0000-000d7ea0bd50,493906,0.1416431,349.7918,Regular
2024-11-06D00:35:55.033864020,ETHUSD,Buy,10,2470.1,PlusTick,00000000-006d-1000-0000-000d7ea10443,2470100,0.7082153,1749.363,Regular
2024-11-06D00:35:55.033864020,ETHUSD,Buy,9,2470.11,PlusTick,00000000-006d-1000-0000-000d7ea10446,2223099,0.6373938,1574.433,Regular
2024-11-06D00:35:55.687564973,ETHUSD,Buy,19,2471,PlusTick,00000000-006d-1000-0000-000d7ea11ea5,4694900,1.345609,3325,Regular
2024-11-06D00:35:56.002292558,ETHUSD,Buy,14,2471,ZeroPlusTick,00000000-006d-1000-0000-000d7ea123bd,3459400,0.9915014,2450,Regular
2024-11-06D00:35:58.557125200,ETHUSD,Sell,3,2470.17,MinusTick,00000000-006d-1000-0000-000d7ea14fc7,741051,0.2124646,524.8237,Regular
2024-11-06D00:36:13.951206765,ETHUSD,Sell,1,2471.17,PlusTick,00000000-006d-1000-0000-000d7ea235c0,247117,0.07092199,175.2603,Regular
2024-11-06D00:36:14.237268066,ETHUSD,Buy,2,2471.9,PlusTick,00000000-006d-1000-0000-000d7ea23968,494380,0.141844,350.6241,Regular
2024-11-06D00:36:14.258530739,ETHUSD,Sell,4,2470.73,MinusTick,00000000-006d-1000-0000-000d7ea23a6f,988292,0.2836879,700.9163,Regular
2024-11-06D00:36:14.259044247,ETHUSD,Sell,86,2470.73,ZeroMinusTick,00000000-006d-1000-0000-000d7ea23a80,21248278,6.099291,15069.7,Regular
2024-11-06D00:36:17.829990835,ETHUSD,Buy,10,2471.96,PlusTick,00000000-006d-1000-0000-000d7ea26c05,2471960,0.7092199,1753.163,Regular
2024-11-06D00:36:17.829990835,ETHUSD,Buy,6,2471.99,PlusTick,00000000-006d-1000-0000-000d7ea26c08,1483194,0.4255319,1051.911,Regular
2024-11-06D00:36:17.834819804,ETHUSD,Buy,15,2471.99,ZeroPlusTick,00000000-006d-1000-0000-000d7ea26c5d,3707985,1.06383,2629.777,Regular
2024-11-06D00:36:17.834819804,ETHUSD,Buy,11,2472,PlusTick,00000000-006d-1000-0000-000d7ea26c60,2719200,0.7801418,1928.511,Regular
2024-11-06D00:36:17.835958109,ETHUSD,Buy,12,2472,ZeroPlusTick,00000000-006d-1000-0000-000d7ea26c88,2966400,0.8510638,2103.83,Regular
2024-11-06D00:36:17.839750537,ETHUSD,Buy,6,2472,ZeroPlusTick,00000000-006d-1000-0000-000d7ea26cc4,1483200,0.4255319,1051.915,Regular
2024-11-06D00:36:17.847739221,ETHUSD,Buy,11,2471.99,MinusTick,00000000-006d-1000-0000-000d7ea26d5b,2719189,0.7801418,1928.503,Regular
2024-11-06D00:36:17.847739221,ETHUSD,Buy,4,2472,PlusTick,00000000-006d-1000-0000-000d7ea26d5e,988800,0.2836879,701.2766,Regular
2024-11-06D00:36:17.872872171,ETHUSD,Buy,6,2472.1,PlusTick,00000000-006d-1000-0000-000d7ea26ee2,1483260,0.4255319,1051.957,Regular
2024-11-06D00:36:18.068822195,ETHUSD,Buy,33,2472.25,PlusTick,00000000-006d-1000-0000-000d7ea2745b,8158425,2.340426,5786.117,Regular
2024-11-06D00:36:19.548420768,ETHUSD,Sell,1,2471.94,MinusTick,00000000-006d-1000-0000-000d7ea28910,247194,0.07092199,175.3149,Regular
2024-11-06D00:36:20.102281417,ETHUSD,Buy,2,2472.36,PlusTick,00000000-006d-1000-0000-000d7ea29127,494472,0.141844,350.6894,Regular
2024-11-06D00:36:21.297066334,ETHUSD,Buy,1,2472.34,MinusTick,00000000-006d-1000-0000-000d7ea29e1f,247234,0.07092199,175.3433,Regular
2024-11-06D00:36:21.410267337,ETHUSD,Buy,126,2472.35,PlusTick,00000000-006d-1000-0000-000d7ea29f1e,31151610,8.93617,22093.34,Regular
2024-11-06D00:36:21.440669563,ETHUSD,Buy,42,2472.35,ZeroPlusTick,00000000-006d-1000-0000-000d7ea29f8f,10383870,2.978723,7364.447,Regular
2024-11-06D00:36:21.440669563,ETHUSD,Buy,73,2472.35,ZeroPlusTick,00000000-006d-1000-0000-000d7ea29f92,18048155,5.177305,12800.11,Regular
2024-11-06D00:36:21.486733154,ETHUSD,Buy,57,2472.35,ZeroPlusTick,00000000-006d-1000-0000-000d7ea29ff3,14092395,4.042553,9994.606,Regular
2024-11-06D00:36:21.486733154,ETHUSD,Buy,59,2472.36,PlusTick,00000000-006d-1000-0000-000d7ea29ff6,14586924,4.184397,10345.34,Regular
2024-11-06D00:36:21.549845894,ETHUSD,Buy,5,2472.35,MinusTick,00000000-006d-1000-0000-000d7ea2a0ad,1236175,0.3546099,876.7199,Regular
2024-11-06D00:36:21.550437165,ETHUSD,Buy,29,2472.35,ZeroMinusTick,00000000-006d-1000-0000-000d7ea2a0b1,7169815,2.056738,5084.975,Regular
2024-11-06D00:36:21.550936012,ETHUSD,Buy,12,2472.35,ZeroMinusTick,00000000-006d-1000-0000-000d7ea2a0b7,2966820,0.8510638,2104.128,Regular
2024-11-06D00:36:21.557904877,ETHUSD,Buy,69,2472.35,ZeroMinusTick,00000000-006d-1000-0000-000d7ea2a0c8,17059215,4.893617,12098.73,Regular
2024-11-06D00:36:21.557904877,ETHUSD,Buy,56,2472.35,ZeroMinusTick,00000000-006d-1000-0000-000d7ea2a0cb,13845160,3.971631,9819.262,Regular
2024-11-06D00:36:21.557904877,ETHUSD,Buy,42,2472.36,PlusTick,00000000-006d-1000-0000-000d7ea2a0ce,10383912,2.978723,7364.477,Regular
2024-11-06D00:36:21.559181699,ETHUSD,Buy,151,2472.36,ZeroPlusTick,00000000-006d-1000-0000-000d7ea2a0d6,37332636,10.70922,26477.05,Regular
2024-11-06D00:36:21.569218489,ETHUSD,Buy,45,2472.35,MinusTick,00000000-006d-1000-0000-000d7ea2a0f7,11125575,3.191489,7890.479,Regular
2024-11-06D00:36:21.569218489,ETHUSD,Buy,3,2472.36,PlusTick,00000000-006d-1000-0000-000d7ea2a0fa,741708,0.212766,526.034,Regular
2024-11-06D00:36:21.577312091,ETHUSD,Buy,18,2472.35,MinusTick,00000000-006d-1000-0000-000d7ea2a120,4450230,1.276596,3156.191,Regular
2024-11-06D00:36:21.578065582,ETHUSD,Buy,26,2472.35,ZeroMinusTick,00000000-006d-1000-0000-000d7ea2a125,6428110,1.843972,4558.943,Regular
2024-11-06D00:36:22.011191192,ETHUSD,Buy,37,2472.35,ZeroMinusTick,00000000-006d-1000-0000-000d7ea2a662,9147695,2.624113,6487.727,Regular
2024-11-06D00:36:22.011191192,ETHUSD,Buy,76,2472.36,PlusTick,00000000-006d-1000-0000-000d7ea2a665,18789936,5.390071,13326.2,Regular
2024-11-06D00:36:24.181111026,ETHUSD,Buy,11,2472.58,PlusTick,00000000-006d-1000-0000-000d7ea2bda9,2719838,0.7801418,1928.963,Regular
2024-11-06D00:36:24.181111026,ETHUSD,Buy,14,2472.59,PlusTick,00000000-006d-1000-0000-000d7ea2bdac,3461626,0.9929078,2455.054,Regular
2024-11-06D00:36:24.428853160,ETHUSD,Sell,1,2473.23,PlusTick,00000000-006d-1000-0000-000d7ea2c057,247323,0.07092199,175.4064,Regular
2024-11-06D00:36:27.357458550,ETHUSD,Sell,4,2472.47,MinusTick,00000000-006d-1000-0000-000d7ea2e724,988988,0.2836879,701.4099,Regular
2024-11-06D00:36:27.358410296,ETHUSD,Sell,2,2472.47,ZeroMinusTick,00000000-006d-1000-0000-000d7ea2e72e,494494,0.141844,350.705,Regular
2024-11-06D00:36:27.359345585,ETHUSD,Sell,3,2472.47,ZeroMinusTick,00000000-006d-1000-0000-000d7ea2e739,741741,0.212766,526.0574,Regular
2024-11-06D00:36:32.002639330,ETHUSD,Sell,5,2471.27,MinusTick,00000000-006d-1000-0000-000d7ea32cac,1235635,0.3551136,877.5817,Regular
2024-11-06D00:36:32.003142973,ETHUSD,Sell,4,2471.27,ZeroMinusTick,00000000-006d-1000-0000-000d7ea32cb6,988508,0.2840909,702.0653,Regular
2024-11-06D00:36:32.003235909,ETHUSD,Sell,5,2471.27,ZeroMinusTick,00000000-006d-1000-0000-000d7ea32cba,1235635,0.3551136,877.5817,Regular
2024-11-06D00:36:35.346456135,ETHUSD,Sell,3,2471.32,PlusTick,00000000-006d-1000-0000-000d7ea3608a,741396,0.2130682,526.5597,Regular
2024-11-06D00:36:35.357339885,ETHUSD,Sell,26,2471.28,MinusTick,00000000-006d-1000-0000-000d7ea3609b,6425328,1.846591,4563.443,Regular
2024-11-06D00:36:35.361856108,ETHUSD,Sell,42,2471.28,ZeroMinusTick,00000000-006d-1000-0000-000d7ea36118,10379376,2.982955,7371.716,Regular
2024-11-06D00:36:35.362114856,ETHUSD,Sell,2,2471.28,ZeroMinusTick,00000000-006d-1000-0000-000d7ea36121,494256,0.1420455,351.0341,Regular
2024-11-06D00:36:36.632006018,ETHUSD,Sell,26,2470.63,MinusTick,00000000-006d-1000-0000-000d7ea37aa3,6423638,1.846591,4562.243,Regular
2024-11-06D00:36:55.876524303,ETHUSD,Buy,1,2472.19,PlusTick,00000000-006d-1000-0000-000d7ea465ff,247219,0.07102273,175.5817,Regular
2024-11-06D00:37:10.492540157,ETHUSD,Sell,3,2470.36,MinusTick,00000000-006d-1000-0000-000d7ea530c5,741108,0.212917,525.9815,Regular
2024-11-06D00:37:16.808384455,ETHUSD,Sell,2,2469.53,MinusTick,00000000-006d-1000-0000-000d7ea57c24,493906,0.1419446,350.5366,Regular
2024-11-06D00:37:16.809041285,ETHUSD,Sell,2,2469.53,ZeroMinusTick,00000000-006d-1000-0000-000d7ea57c28,493906,0.1419446,350.5366,Regular
2024-11-06D00:37:16.809137462,ETHUSD,Sell,2,2469.53,ZeroMinusTick,00000000-006d-1000-0000-000d7ea57c2c,493906,0.1419446,350.5366,Regular
2024-11-06D00:37:16.809216551,ETHUSD,Sell,3,2469.53,ZeroMinusTick,00000000-006d-1000-0000-000d7ea57c30,740859,0.212917,525.8048,Regular
2024-11-06D00:37:17.046634199,ETHUSD,Sell,4,2469.29,MinusTick,00000000-006d-1000-0000-000d7ea581cd,987716,0.2838893,701.005,Regular
2024-11-06D00:37:17.047396974,ETHUSD,Sell,10,2469.29,ZeroMinusTick,00000000-006d-1000-0000-000d7ea581d4,2469290,0.7097232,1752.512,Regular
2024-11-06D00:37:18.007579930,ETHUSD,Sell,1,2468.49,MinusTick,00000000-006d-1000-0000-000d7ea596fb,246849,0.07097232,175.1945,Regular
2024-11-06D00:37:18.308962950,ETHUSD,Sell,1,2467.59,MinusTick,00000000-006d-1000-0000-000d7ea5a0e5,246759,0.07097232,175.1306,Regular
2024-11-06D00:37:18.309590513,ETHUSD,Sell,2,2467.59,ZeroMinusTick,00000000-006d-1000-0000-000d7ea5a0e9,493518,0.1419446,350.2612,Regular
2024-11-06D00:37:37.049212737,ETHUSD,Buy,1,2469.6,PlusTick,00000000-006d-1000-0000-000d7ea6b6d9,246960,0.07092199,175.1489,Regular
2024-11-06D00:37:39.937543363,ETHUSD,Buy,14,2470.46,PlusTick,00000000-006d-1000-0000-000d7ea6d98e,3458644,0.9929078,2452.939,Regular
2024-11-06D00:37:51.288343621,ETHUSD,Buy,14,2472.12,PlusTick,00000000-006d-1000-0000-000d7ea779cb,3460968,0.9929078,2454.587,Regular
2024-11-06D00:37:58.470173349,ETHUSD,Buy,26,2472.03,MinusTick,00000000-006d-1000-0000-000d7ea7d6f8,6427278,1.843972,4558.353,Regular
2024-11-06D00:38:01.186510993,ETHUSD,Buy,20,2472.38,PlusTick,00000000-006d-1000-0000-000d7ea7f974,4944760,1.41844,3506.922,Regular
2024-11-06D00:38:07.208824847,ETHUSD,Sell,14,2471.03,MinusTick,00000000-006d-1000-0000-000d7ea84c33,3459442,0.9929078,2453.505,Regular
2024-11-06D00:38:10.297983510,ETHUSD,Sell,8,2470.39,MinusTick,00000000-006d-1000-0000-000d7ea87751,1976312,0.5673759,1401.64,Regular
2024-11-06D00:38:14.265408635,ETHUSD,Buy,1,2471.06,PlusTick,00000000-006d-1000-0000-000d7ea8b998,247106,0.07092199,175.2525,Regular
2024-11-06D00:38:16.231871724,ETHUSD,Sell,13,2469.99,MinusTick,00000000-006d-1000-0000-000d7ea8d68b,3210987,0.9219858,2277.296,Regular
2024-11-06D00:38:16.233873435,ETHUSD,Sell,1,2469.99,ZeroMinusTick,00000000-006d-1000-0000-000d7ea8d69c,246999,0.07092199,175.1766,Regular
2024-11-06D00:38:20.105206851,ETHUSD,Buy,1,2470.28,PlusTick,00000000-006d-1000-0000-000d7ea91213,247028,0.07092199,175.1972,Regular
2024-11-06D00:38:21.010842931,ETHUSD,Sell,1,2469,MinusTick,00000000-006d-1000-0000-000d7ea92049,246900,0.07092199,175.1064,Regular
2024-11-06D00:38:21.010842931,ETHUSD,Sell,14,2468.98,MinusTick,00000000-006d-1000-0000-000d7ea9204c,3456572,0.9929078,2451.47,Regular
2024-11-06D00:38:21.010842931,ETHUSD,Sell,28,2468.64,MinusTick,00000000-006d-1000-0000-000d7ea9204f,6912192,1.985816,4902.264,Regular
2024-11-06D00:38:21.010842931,ETHUSD,Sell,72,2468.53,MinusTick,00000000-006d-1000-0000-000d7ea92052,17773416,5.106383,12605.26,Regular
2024-11-06D00:38:21.010842931,ETHUSD,Sell,10,2468.4,MinusTick,00000000-006d-1000-0000-000d7ea92055,2468400,0.7092199,1750.638,Regular
2024-11-06D00:38:21.010842931,ETHUSD,Sell,8,2468.28,MinusTick,00000000-006d-1000-0000-000d7ea92058,1974624,0.5673759,1400.443,Regular
2024-11-06D00:38:24.532339332,ETHUSD,Sell,8,2468.04,MinusTick,00000000-006d-1000-0000-000d7ea95073,1974432,0.5673759,1400.306,Regular
2024-11-06D00:38:24.601555286,ETHUSD,Sell,6,2468.04,ZeroMinusTick,00000000-006d-1000-0000-000d7ea951ef,1480824,0.4255319,1050.23,Regular
2024-11-06D00:38:24.601555286,ETHUSD,Sell,8,2468.04,ZeroMinusTick,00000000-006d-1000-0000-000d7ea951f2,1974432,0.5673759,1400.306,Regular
2024-11-06D00:38:29.852522864,ETHUSD,Sell,6,2466.99,MinusTick,00000000-006d-1000-0000-000d7ea9996e,1480194,0.4255319,1049.783,Regular
2024-11-06D00:38:37.145860849,ETHUSD,Buy,33,2468.72,PlusTick,00000000-006d-1000-0000-000d7ea9f5bb,8146776,2.33711,5769.671,Regular
2024-11-06D00:38:46.913056833,ETHUSD,Buy,14,2469.23,PlusTick,00000000-006d-1000-0000-000d7eaa7e89,3456922,0.9915014,2448.245,Regular
2024-11-06D00:38:46.918749685,ETHUSD,Buy,33,2469.29,PlusTick,00000000-006d-1000-0000-000d7eaa7ed8,8148657,2.33711,5771.004,Regular
2024-11-06D00:38:54.107840092,ETHUSD,Sell,1,2469.51,PlusTick,00000000-006d-1000-0000-000d7eaadf0b,246951,0.07082153,174.8945,Regular
2024-11-06D00:39:00.153257580,ETHUSD,Sell,1,2468.24,MinusTick,00000000-006d-1000-0000-000d7eab2390,246824,0.07082153,174.8045,Regular
2024-11-06D00:39:02.878179305,ETHUSD,Sell,14,2467.55,MinusTick,00000000-006d-1000-0000-000d7eab44df,3454570,0.9915014,2446.579,Regular
2024-11-06D00:39:02.946123630,ETHUSD,Sell,13,2466.98,MinusTick,00000000-006d-1000-0000-000d7eab46dd,3207074,0.9206799,2271.299,Regular
2024-11-06D00:39:02.947143437,ETHUSD,Sell,52,2466.98,ZeroMinusTick,00000000-006d-1000-0000-000d7eab46e6,12828296,3.68272,9085.195,Regular
2024-11-06D00:39:02.947424078,ETHUSD,Sell,34,2466.98,ZeroMinusTick,00000000-006d-1000-0000-000d7eab46ef,8387732,2.407932,5940.32,Regular
2024-11-06D00:39:04.869159530,ETHUSD,Sell,10,2465,MinusTick,00000000-006d-1000-0000-000d7eab6e45,2465000,0.7082153,1745.751,Regular
2024-11-06D00:39:04.875577363,ETHUSD,Sell,4,2465,ZeroMinusTick,00000000-006d-1000-0000-000d7eab6ef3,986000,0.2832861,698.3003,Regular
2024-11-06D00:39:04.990073128,ETHUSD,Sell,1,2464.5,MinusTick,00000000-006d-1000-0000-000d7eab7486,246450,0.07082153,174.5397,Regular
2024-11-06D00:39:06.063528541,ETHUSD,Sell,44,2463.4,MinusTick,00000000-006d-1000-0000-000d7eab949d,10838960,3.116147,7676.317,Regular
2024-11-06D00:39:06.064486951,ETHUSD,Sell,56,2463.4,ZeroMinusTick,00000000-006d-1000-0000-000d7eab94a7,13795040,3.966006,9769.858,Regular
2024-11-06D00:39:06.105347723,ETHUSD,Sell,14,2463.2,MinusTick,00000000-006d-1000-0000-000d7eab964b,3448480,0.9915014,2442.266,Regular
2024-11-06D00:39:12.818327569,ETHUSD,Sell,20,2461.91,MinusTick,00000000-006d-1000-0000-000d7eabf955,4923820,1.416431,3487.125,Regular
2024-11-06D00:39:12.819098215,ETHUSD,Sell,14,2461.66,MinusTick,00000000-006d-1000-0000-000d7eabf961,3446324,0.9915014,2440.739,Regular
2024-11-06D00:39:18.332403221,ETHUSD,Sell,9,2460.77,MinusTick,00000000-006d-1000-0000-000d7eac64e6,2214693,0.6373938,1568.479,Regular
2024-11-06D00:39:18.332526898,ETHUSD,Sell,10,2460.77,ZeroMinusTick,00000000-006d-1000-0000-000d7eac64ea,2460770,0.7082153,1742.755,Regular
2024-11-06D00:39:18.333747023,ETHUSD,Sell,7,2460.77,ZeroMinusTick,00000000-006d-1000-0000-000d7eac6507,1722539,0.4957507,1219.928,Regular
2024-11-06D00:39:18.335443451,ETHUSD,Sell,11,2460.75,MinusTick,00000000-006d-1000-0000-000d7eac652e,2706825,0.7790368,1917.015,Regular
2024-11-06D00:39:18.335443451,ETHUSD,Sell,34,2460.75,ZeroMinusTick,00000000-006d-1000-0000-000d7eac6531,8366550,2.407932,5925.319,Regular
2024-11-06D00:39:18.337434729,ETHUSD,Sell,3,2460.75,ZeroMinusTick,00000000-006d-1000-0000-000d7eac6554,738225,0.2124646,522.8222,Regular
2024-11-06D00:39:18.337933558,ETHUSD,Sell,3,2460.75,ZeroMinusTick,00000000-006d-1000-0000-000d7eac6561,738225,0.2124646,522.8222,Regular
2024-11-06D00:39:18.339914416,ETHUSD,Sell,8,2460.75,ZeroMinusTick,00000000-006d-1000-0000-000d7eac656d,1968600,0.5665722,1394.193,Regular
2024-11-06D00:39:18.340427157,ETHUSD,Sell,5,2460.75,ZeroMinusTick,00000000-006d-1000-0000-000d7eac657d,1230375,0.3541076,871.3704,Regular
2024-11-06D00:39:18.340686694,ETHUSD,Sell,4,2460.75,ZeroMinusTick,00000000-006d-1000-0000-000d7eac6586,984300,0.2832861,697.0963,Regular
2024-11-06D00:39:18.340773820,ETHUSD,Sell,17,2460.75,ZeroMinusTick,00000000-006d-1000-0000-000d7eac658a,4183275,1.203966,2962.659,Regular
2024-11-06D00:39:18.341630006,ETHUSD,Sell,5,2460.75,ZeroMinusTick,00000000-006d-1000-0000-000d7eac659f,1230375,0.3541076,871.3704,Regular
2024-11-06D00:39:18.343169835,ETHUSD,Sell,26,2460.75,ZeroMinusTick,00000000-006d-1000-0000-000d7eac65b9,6397950,1.84136,4531.126,Regular
2024-11-06D00:39:18.344866426,ETHUSD,Sell,53,2460.75,ZeroMinusTick,00000000-006d-1000-0000-000d7eac65d3,13041975,3.753541,9236.526,Regular
2024-11-06D00:39:18.344866426,ETHUSD,Sell,30,2460.75,ZeroMinusTick,00000000-006d-1000-0000-000d7eac65d6,7382250,2.124646,5228.222,Regular
2024-11-06D00:39:21.629806716,ETHUSD,Sell,6,2460.68,MinusTick,00000000-006d-1000-0000-000d7eac8ba1,1476408,0.4249292,1045.615,Regular
2024-11-06D00:39:22.909274160,ETHUSD,Sell,2,2460.05,MinusTick,00000000-006d-1000-0000-000d7eac9e07,492010,0.1416431,348.449,Regular
2024-11-06D00:39:22.909469214,ETHUSD,Sell,3,2460.05,ZeroMinusTick,00000000-006d-1000-0000-000d7eac9e0d,738015,0.2124646,522.6735,Regular
2024-11-06D00:39:22.911005647,ETHUSD,Sell,9,2460.05,ZeroMinusTick,00000000-006d-1000-0000-000d7eac9e1e,2214045,0.6373938,1568.021,Regular
2024-11-06D00:39:24.602180887,ETHUSD,Buy,14,2461.61,PlusTick,00000000-006d-1000-0000-000d7eacbd38,3446254,0.9915014,2440.69,Regular
2024-11-06D00:39:59.195204978,ETHUSD,Buy,12,2463.01,PlusTick,00000000-006d-1000-0000-000d7eae6ecf,2955612,0.8480565,2088.772,Regular
2024-11-06D00:39:59.197733886,ETHUSD,Buy,2,2463.01,ZeroPlusTick,00000000-006d-1000-0000-000d7eae6f02,492602,0.1413428,348.1286,Regular
2024-11-06D00:40:00.149971778,ETHUSD,Buy,5,2463.41,PlusTick,00000000-006d-1000-0000-000d7eae7a9a,1231705,0.3536068,871.0785,Regular
2024-11-06D00:40:00.151033975,ETHUSD,Buy,1,2463.41,ZeroPlusTick,00000000-006d-1000-0000-000d7eae7aa5,246341,0.07072136,174.2157,Regular
2024-11-06D00:40:00.154258735,ETHUSD,Buy,4,2463.41,ZeroPlusTick,00000000-006d-1000-0000-000d7eae7ac8,985364,0.2828854,696.8628,Regular
2024-11-06D00:40:00.486559882,ETHUSD,Sell,8,2462.78,MinusTick,00000000-006d-1000-0000-000d7eae834d,1970224,0.5657709,1393.369,Regular
2024-11-06D00:40:00.486559882,ETHUSD,Sell,22,2462.77,MinusTick,00000000-006d-1000-0000-000d7eae8350,5418094,1.55587,3831.75,Regular
2024-11-06D00:40:04.526210151,ETHUSD,Sell,3,2463.95,PlusTick,00000000-006d-1000-0000-000d7eaec207,739185,0.2121641,522.7617,Regular
2024-11-06D00:40:04.526333015,ETHUSD,Sell,2,2463.95,ZeroPlusTick,00000000-006d-1000-0000-000d7eaec20b,492790,0.1414427,348.5078,Regular
2024-11-06D00:40:04.528756215,ETHUSD,Sell,7,2463.95,ZeroPlusTick,00000000-006d-1000-0000-000d7eaec227,1724765,0.4950495,1219.777,Regular
2024-11-06D00:40:04.531939907,ETHUSD,Sell,2,2463.95,ZeroPlusTick,00000000-006d-1000-0000-000d7eaec24f,492790,0.1414427,348.5078,Regular
2024-11-06D00:40:04.532069413,ETHUSD,Sell,6,2463.95,ZeroPlusTick,00000000-006d-1000-0000-000d7eaec254,1478370,0.4243281,1045.523,Regular
2024-11-06D00:40:08.148151550,ETHUSD,Buy,14,2465.37,PlusTick,00000000-006d-1000-0000-000d7eaefad2,3451518,0.990099,2440.96,Regular
2024-11-06D00:40:26.230363348,ETHUSD,Sell,14,2464.51,MinusTick,00000000-006d-1000-0000-000d7eafdda8,3450314,0.990099,2440.109,Regular
2024-11-06D00:40:28.016793055,ETHUSD,Sell,26,2463.33,MinusTick,00000000-006d-1000-0000-000d7eaffde4,6404658,1.838755,4529.461,Regular
2024-11-06D00:40:28.022376266,ETHUSD,Sell,14,2463.23,MinusTick,00000000-006d-1000-0000-000d7eaffe2a,3448522,0.990099,2438.842,Regular
2024-11-06D00:40:31.373001084,ETHUSD,Buy,14,2464.29,PlusTick,00000000-006d-1000-0000-000d7eb02f0d,3450006,0.9915014,2443.347,Regular
2024-11-06D00:40:31.833004274,ETHUSD,Sell,1,2463.73,MinusTick,00000000-006d-1000-0000-000d7eb03901,246373,0.07082153,174.4851,Regular
2024-11-06D00:40:31.833777054,ETHUSD,Sell,5,2463.73,ZeroMinusTick,00000000-006d-1000-0000-000d7eb0390e,1231865,0.3541076,872.4256,Regular
2024-11-06D00:40:31.833986321,ETHUSD,Sell,7,2463.73,ZeroMinusTick,00000000-006d-1000-0000-000d7eb03915,1724611,0.4957507,1221.396,Regular
2024-11-06D00:40:31.834120545,ETHUSD,Sell,1,2463.73,ZeroMinusTick,00000000-006d-1000-0000-000d7eb0391b,246373,0.07082153,174.4851,Regular
2024-11-06D00:40:38.150981137,ETHUSD,Buy,14,2464.3,PlusTick,00000000-006d-1000-0000-000d7eb0822f,3450020,0.9915014,2443.357,Regular
2024-11-06D00:40:38.150981137,ETHUSD,Buy,33,2464.3,ZeroPlusTick,00000000-006d-1000-0000-000d7eb08232,8132190,2.33711,5759.341,Regular
2024-11-06D00:40:41.648472245,ETHUSD,Buy,33,2465.23,PlusTick,00000000-006d-1000-0000-000d7eb0abd1,8135259,2.33711,5761.515,Regular
2024-11-06D00:40:56.946456403,ETHUSD,Buy,33,2465.9,PlusTick,00000000-006d-1000-0000-000d7eb1796f,8137470,2.33711,5763.081,Regular
2024-11-06D00:40:56.956363065,ETHUSD,Buy,14,2466.23,PlusTick,00000000-006d-1000-0000-000d7eb179eb,3452722,0.9915014,2445.271,Regular
2024-11-06D00:41:11.765873229,ETHUSD,Sell,3,2465.18,MinusTick,00000000-006d-1000-0000-000d7eb22334,739554,0.2126152,524.1347,Regular
2024-11-06D00:41:11.765873229,ETHUSD,Sell,4,2465.17,MinusTick,00000000-006d-1000-0000-000d7eb22337,986068,0.2834869,698.8434,Regular
2024-11-06D00:41:11.766686365,ETHUSD,Sell,5,2465.17,ZeroMinusTick,00000000-006d-1000-0000-000d7eb22354,1232585,0.3543586,873.5542,Regular
2024-11-06D00:41:11.766686365,ETHUSD,Sell,2,2465.08,MinusTick,00000000-006d-1000-0000-000d7eb22357,493016,0.1417434,349.4089,Regular
2024-11-06D00:41:11.767008237,ETHUSD,Sell,6,2465.08,ZeroMinusTick,00000000-006d-1000-0000-000d7eb22362,1479048,0.4252303,1048.227,Regular
2024-11-06D00:41:11.770115621,ETHUSD,Sell,6,2465.08,ZeroMinusTick,00000000-006d-1000-0000-000d7eb2239e,1479048,0.4252303,1048.227,Regular
2024-11-06D00:41:11.782476226,ETHUSD,Sell,9,2464.75,MinusTick,00000000-006d-1000-0000-000d7eb224af,2218275,0.6378455,1572.13,Regular
2024-11-06D00:41:11.782476226,ETHUSD,Sell,9,2464.75,ZeroMinusTick,00000000-006d-1000-0000-000d7eb224b2,2218275,0.6378455,1572.13,Regular
2024-11-06D00:41:25.310046417,ETHUSD,Buy,10,2465.94,PlusTick,00000000-006d-1000-0000-000d7eb2e777,2465940,0.7087172,1747.654,Regular
2024-11-06D00:41:25.310814743,ETHUSD,Buy,4,2465.94,ZeroPlusTick,00000000-006d-1000-0000-000d7eb2e77f,986376,0.2834869,699.0617,Regular
2024-11-06D00:41:25.389561944,ETHUSD,Buy,2,2466.36,PlusTick,00000000-006d-1000-0000-000d7eb2ea6e,493272,0.1417434,349.5904,Regular
2024-11-06D00:41:25.389931033,ETHUSD,Buy,5,2466.36,ZeroPlusTick,00000000-006d-1000-0000-000d7eb2ea77,1233180,0.3543586,873.9759,Regular
2024-11-06D00:41:25.390227414,ETHUSD,Buy,3,2466.36,ZeroPlusTick,00000000-006d-1000-0000-000d7eb2ea82,739908,0.2126152,524.3855,Regular
2024-11-06D00:41:26.900337879,ETHUSD,Buy,33,2467.05,PlusTick,00000000-006d-1000-0000-000d7eb30397,8141265,2.338767,5769.855,Regular
2024-11-06D00:41:29.697933656,ETHUSD,Buy,14,2468.07,PlusTick,00000000-006d-1000-0000-000d7eb32dd6,3455298,0.9922041,2448.829,Regular
2024-11-06D00:41:29.937405087,ETHUSD,Buy,1,2468.55,PlusTick,00000000-006d-1000-0000-000d7eb33402,246855,0.07087172,174.9504,Regular
2024-11-06D00:41:29.939045758,ETHUSD,Buy,26,2468.55,ZeroPlusTick,00000000-006d-1000-0000-000d7eb33419,6418230,1.842665,4548.71,Regular
2024-11-06D00:41:29.939309950,ETHUSD,Buy,6,2468.55,ZeroPlusTick,00000000-006d-1000-0000-000d7eb3341f,1481130,0.4252303,1049.702,Regular
2024-11-06D00:41:29.946766444,ETHUSD,Buy,1,2468.68,PlusTick,00000000-006d-1000-0000-000d7eb33491,246868,0.07087172,174.9596,Regular
2024-11-06D00:41:30.930716649,ETHUSD,Sell,3,2468.22,MinusTick,00000000-006d-1000-0000-000d7eb34cf4,740466,0.2126152,524.781,Regular
2024-11-06D00:41:33.878717617,ETHUSD,Sell,3,2466.59,MinusTick,00000000-006d-1000-0000-000d7eb37c80,739977,0.2126152,524.4344,Regular
2024-11-06D00:41:33.878717617,ETHUSD,Sell,11,2466.58,MinusTick,00000000-006d-1000-0000-000d7eb37c83,2713238,0.7795889,1922.918,Regular
2024-11-06D00:41:33.882523220,ETHUSD,Sell,3,2466.58,ZeroMinusTick,00000000-006d-1000-0000-000d7eb37cac,739974,0.2126152,524.4323,Regular
2024-11-06D00:41:38.653919006,ETHUSD,Buy,14,2467.81,PlusTick,00000000-006d-1000-0000-000d7eb3b797,3454934,0.9922041,2448.571,Regular
2024-11-06D00:41:48.733724684,ETHUSD,Buy,14,2470.08,PlusTick,00000000-006d-1000-0000-000d7eb44580,3458112,0.9922041,2450.824,Regular
2024-11-06D00:41:49.280947973,ETHUSD,Buy,11,2470.29,PlusTick,00000000-006d-1000-0000-000d7eb44e8c,2717319,0.7795889,1925.811,Regular
2024-11-06D00:41:49.281833331,ETHUSD,Buy,7,2470.29,ZeroPlusTick,00000000-006d-1000-0000-000d7eb44e90,1729203,0.4961021,1225.516,Regular
2024-11-06D00:41:49.281994822,ETHUSD,Buy,15,2470.29,ZeroPlusTick,00000000-006d-1000-0000-000d7eb44e96,3705435,1.063076,2626.106,Regular
2024-11-06D00:41:49.281994822,ETHUSD,Buy,33,2470.29,ZeroPlusTick,00000000-006d-1000-0000-000d7eb44e99,8151957,2.338767,5777.432,Regular
2024-11-06D00:41:49.282502991,ETHUSD,Buy,10,2470.54,PlusTick,00000000-006d-1000-0000-000d7eb44ea0,2470540,0.7087172,1750.914,Regular
2024-11-06D00:42:33.431071406,ETHUSD,Buy,20,2470.45,MinusTick,00000000-006d-1000-0000-000d7eb6562c,4940900,1.419446,3506.671,Regular
2024-11-06D00:42:34.918841046,ETHUSD,Buy,1,2471.13,PlusTick,00000000-006d-1000-0000-000d7eb6755f,247113,0.07097232,175.3818,Regular
